3046 4756
300 353 411 424 Deum
433 353 591 440 credunt,
609 360 646 424 at
667 355 810 445 nuptias
833 355 994 445 probant,
1013 356 1079 420 etsi
1102 376 1217 420 eorum
1240 351 1423 421 Proesules

302 463 345 530 ab
368 463 427 546 iio,
451 457 648 554 Reliqioais
670 487 785 547 causa,
811 465 997 546 abstinent,
1023 464 1079 530 uti
1107 463 1240 530 scilicet
1263 461 1425 551 precihus

301 571 581 659 occoreposeiot,
606 595 664 638 aec
690 572 836 638 habeant
859 571 950 662 quod
973 573 1065 660 ipsos
1085 570 1302 641 distrahat.»
1322 568 1425 651 Quod

301 677 415 767 Papae
438 700 641 768 responsum
664 702 770 771 quum
792 680 868 748 Rex
891 680 1083 770 probasset,
1110 677 1339 770 praecepisse,
1366 699 1425 744 ne·

304 785 388 876 quid
412 785 592 856 molestiae
615 787 661 855 iis
684 788 847 879 deinceps
871 793 1061 881 crearetur.

369 893 453 962 XII.
479 895 536 964 Ad
559 895 697 987 reliqua
718 898 830 986 Papae
861 895 969 984 hujus
992 903 1112 986 gesta,
1137 895 1223 964 licet
1245 893 1290 961 ad
1319 891 1429 960 initia

304 1003 482 1092 sequentis
506 1004 638 1072 saeculi
661 1004 727 1074 IV.
752 1005 816 1072 illa
839 1004 1051 1095 pertineant,
1068 1004 1158 1095 quod
1181 1002 1322 1085 attinet,
1340 1000 1430 1067 hacc

304 1109 503 1177 summatim
525 1111 708 1180 memoriae
728 1119 811 1181 sunt
832 1113 978 1181 tradita.
1007 1111 1183 1182 Videlicet
1208 1111 1246 1178 in
1269 1108 1430 1197 ejusdem

305 1226 429 1285 caussa
445 1219 558 1307 prima
580 1219 831 1288 Chaldaeorum
848 1219 1011 1308 Synodus
1026 1225 1145 1287 coacta
1159 1219 1232 1286 fuit
1249 1216 1431 1286 Seleuciae

305 1345 395 1393 anno
407 1324 488 1393 cur.
501 1325 578 1410 314,
594 1327 652 1395 cni
668 1325 704 1394 S.
716 1325 890 1394 Millesius
901 1325 998 1414 Epis.
1011 1325 1120 1394 Susae
1135 1330 1170 1393 et
1180 1323 1228 1391 M.
1244 1322 1428 1390 interfuit.

305 1432 548 1500 Accusabatur
564 1439 678 1501 autem
689 1433 756 1501 iste
770 1431 917 1500 Praesul
932 1433 975 1499 ab
983 1429 1222 1500 Orientalibus
1237 1429 1432 1497 multorum

307 1537 502 1606 criminum:
521 1537 611 1628 quod
627 1543 718 1608 esset
733 1537 831 1606 homo
847 1537 1059 1606 intolerandi
1071 1538 1187 1605 fastus
1210 1543 1246 1605 et
1268 1536 1432 1604 ambitio·

305 1643 362 1712 nis
385 1644 581 1712 immensae:
607 1645 697 1734 qnod
720 1646 783 1712 uni
798 1645 976 1735 eidemque
987 1644 1274 1714 Ecclesieebinos
1285 1643 1433 1734 Episco·

307 1775 368 1842 pos
388 1759 640 1822 consecrasset:
666 1759 703 1822 et
726 1755 816 1844 quod
840 1753 1066 1842 Presbyteros
1089 1759 1126 1821 et
1148 1751 1321 1838 Diaconos
1346 1773 1434 1819 suae

307 1859 485 1929 Ecclesiae
500 1861 658 1952 indignis
673 1861 783 1929 modis
799 1868 982 1930 tractaret.
1005 1861 1134 1930 Exstat
1143 1860 1305 1951 Epistola
1319 1859 1358 1930 S.
1369 1859 1396 1928 J
1397 1882 1435 1926 a·

308 1968 384 2036 cobi
407 1968 568 2038 Nisibeni
579 1971 617 2038 iu
636 1970 812 2038 occasione
831 1969 1083 2038 dissensionum
1101 1969 1182 2038 inde
1204 1973 1361 2036 ortanum
1386 1968 1436 2034 ad

309 2076 398 2146 hanc
411 2076 591 2166 Synodum
603 2077 810 2146 transmissa
820 2077 994 2168 Epistola.
1011 2079 1207 2146 Damnatus
1222 2077 1341 2169 itaque
1357 2078 1437 2146 fuit

309 2183 347 2250 in
369 2191 557 2254 memorata
580 2185 721 2274 Synodo
743 2185 879 2254 Primae
902 2185 988 2270 iste,
1015 2193 1121 2276 atque
1143 2185 1252 2253 eidem
1276 2184 1314 2252 iu
1339 2207 1434 2252 mor·
1504 2179 1505 2252 l

309 2293 389 2360 bum
413 2293 608 2384 deintegro
631 2300 668 2363 et
690 2317 751 2385 par
775 2316 883 2362 annos
909 2272 969 2361 12.Ι
989 2292 1160 2362 incidenti
1172 2293 1339 2362 Vicarius
1356 2295 1434 2361 suf·
1504 2259 1505 2351 l

310 2401 424 2469 fectus
452 2402 523 2470 fuit
546 2402 586 2470 S.
600 2401 738 2472 Simeon
763 2401 1003 2471 Bar-Sabbas.
1028 2402 1097 2469 Hic
1127 2405 1191 2486 est,
1216 2400 1277 2492 qui
1304 2405 1435 2490 postea

308 2507 423 2596 Papae
445 2509 581 2578 nomine
598 2510 739 2598 Synodo
755 2509 992 2579 oecumenicae
1007 2509 1180 2579 Nicaenae
1196 2508 1226 2576 Ι.
1246 2509 1431 2595 interfuit;

310 2614 371 2704 qui
394 2615 502 2684 sidem
526 2617 570 2685 ad
595 2617 745 2707 Superos
768 2618 924 2706 profecto
947 2615 1116 2685 successit
1139 2615 1177 2684 in
1200 2613 1288 2684 Sede
1310 2614 1435 2684 Seleu-

309 2721 430 2810 ciensi;
449 2724 509 2815 qui
525 2725 562 2792 in
578 2746 705 2814 magna
721 2723 957 2816 quadraginta
973 2745 1141 2792 annorum
1157 2722 1436 2813 Persequutione
1503 2717 1504 2804 ξ

311 2829 488 2920 Saporica,
513 2831 691 2923 praeclaro
715 2832 896 2902 admodum
920 2831 1095 2922 Martyrio
1119 2832 1213 2901 viam
1229 2852 1332 2900 verae
1356 2830 1435 2920 glo·

309 2929 396 3024 riae,
407 2946 444 3008 et
458 2939 610 3010 Coronae
626 2941 721 3010 haud
736 2943 914 3031 periturae
930 2940 1207 3031 acquisitionem,
1219 2961 1304 3030 quos
1321 2939 1437 3009 vivus

310 3045 470 3115 doctrina
492 3049 585 3118 aluit
599 3055 636 3118 et
651 3049 831 3118 adamavit
846 3049 884 3117 iu
900 3046 1041 3118 Christo
1056 3048 1168 3116 Filios
1186 3053 1221 3116 et
1237 3047 1437 3136 discipulos

312 3157 529 3244 magnanimo
553 3180 617 3228 suo
633 3156 787 3248 exemplo
811 3157 977 3225 nobiliter
992 3156 1144 3240 edocuit,
1159 3161 1264 3248 atque
1287 3175 1359 3222 uua
1385 3155 1436 3224 si·
1502 3187 1503 3198 κ

311 3262 385 3331 mul
409 3287 456 3350 se,
481 3272 517 3334 et
543 3287 647 3358 quam
671 3267 811 3334 rexerat
838 3264 973 3350 Sedem,
1003 3263 1197 3334 Ecclesiam
1224 3267 1261 3332 ct
1284 3261 1436 3332 Gentem
1502 3257 1503 3267 ’

311 3372 502 3444 immortali
525 3374 662 3442 nomine
685 3371 938 3443 cohonestavit.

656 3727 1090 3998 (ἑξξΕΙΝῙθέξὶἑ)

1055 3869 1078 3922 0
