<?xml version="1.0" encoding="UTF-8"?>
<!DOCTYPE html PUBLIC "-//W3C//DTD XHTML 1.0 Transitional//EN"
    "http://www.w3.org/TR/xhtml1/DTD/xhtml1-transitional.dtd">
<html xmlns="http://www.w3.org/1999/xhtml" xml:lang="en" lang="en">
 <head>
  <title>
</title>
<meta http-equiv="Content-Type" content="text/html;charset=utf-8" />
  <meta name='ocr-system' content='tesseract 3.04.00' />
  <meta name='ocr-capabilities' content='ocr_page ocr_carea ocr_par ocr_line ocrx_word'/>
</head>
<body>
  <div class='ocr_page' id='page_1' title='image "./syriorientaless00khaygoog_0055.png"; bbox 0 0 3036 4750; ppageno 0'>
   <div class='ocr_carea' id='block_1_1' title="bbox 290 357 1507 1108">
    <p class='ocr_par' dir='ltr' id='par_1_1' title="bbox 290 357 1507 668">
     <span class='ocr_line' id='line_1_1' title="bbox 359 357 1412 448; baseline 0.004 -23"><span class='ocrx_word' id='word_1_1' title='bbox 359 358 485 430; x_wconf 68' lang='lat' dir='ltr'>«Dicit</span> <span class='ocrx_word' id='word_1_2' title='bbox 505 359 616 428; x_wconf 86' lang='lat' dir='ltr'>Rome</span> <span class='ocrx_word' id='word_1_3' title='bbox 637 357 833 429; x_wconf 87' lang='lat' dir='ltr'>insaecula</span> <span class='ocrx_word' id='word_1_4' title='bbox 850 357 1066 430; x_wconf 89' lang='lat' dir='ltr'>saeculorum</span> <span class='ocrx_word' id='word_1_5' title='bbox 1090 357 1292 448; x_wconf 88' lang='lat' dir='ltr'>(duratura)</span> <span class='ocrx_word' id='word_1_6' title='bbox 1316 360 1412 431; x_wconf 88' lang='lat' dir='ltr'>aedi-</span> 
     </span>
     <span class='ocr_line' id='line_1_2' title="bbox 290 466 1507 562; baseline 0.002 -26"><span class='ocrx_word' id='word_1_7' title='bbox 290 469 396 538; x_wconf 89' lang='lat' dir='ltr'>ficata</span> <span class='ocrx_word' id='word_1_8' title='bbox 418 472 473 538; x_wconf 89' lang='lat' dir='ltr'>est</span> <span class='ocrx_word' id='word_1_9' title='bbox 493 466 663 552; x_wconf 74' lang='lat' dir='ltr'><strong>Ecclesia,</strong></span> <span class='ocrx_word' id='word_1_10' title='bbox 682 487 771 559; x_wconf 88' lang='lat' dir='ltr'>qnae</span> <span class='ocrx_word' id='word_1_11' title='bbox 793 489 862 537; x_wconf 93' lang='lat' dir='ltr'>non</span> <span class='ocrx_word' id='word_1_12' title='bbox 885 466 1051 538; x_wconf 87' lang='lat' dir='ltr'>vincetur</span> <span class='ocrx_word' id='word_1_13' title='bbox 1074 489 1096 538; x_wconf 86' lang='lat' dir='ltr'>a</span> <span class='ocrx_word' id='word_1_14' title='bbox 1116 467 1274 559; x_wconf 80' lang='lat' dir='ltr'>Regibus</span> <span class='ocrx_word' id='word_1_15' title='bbox 1296 491 1411 561; x_wconf 86' lang='lat' dir='ltr'>neque</span> <span class='ocrx_word' id='word_1_16' title='bbox 1506 535 1507 562; x_wconf 62' lang='grc'><strong>,</strong></span> 
     </span>
     <span class='ocr_line' id='line_1_3' title="bbox 291 573 1370 668; baseline 0.003 -25"><span class='ocrx_word' id='word_1_17' title='bbox 291 597 314 643; x_wconf 90' lang='lat' dir='ltr'>a</span> <span class='ocrx_word' id='word_1_18' title='bbox 335 573 600 646; x_wconf 79' lang='lat' dir='ltr'>Potestatibusn</span> <span class='ocrx_word' id='word_1_19' title='bbox 626 573 750 663; x_wconf 87' lang='grc' dir='ltr'><strong>(Β.4.).</strong></span> <span class='ocrx_word' id='word_1_20' title='bbox 1365 654 1370 668; x_wconf 35' lang='lat'>⁸</span> 
     </span>
    </p>

    <p class='ocr_par' dir='ltr' id='par_1_2' title="bbox 290 675 1507 1108">
     <span class='ocr_line' id='line_1_4' title="bbox 334 675 1507 773; baseline 0 -21"><span class='ocrx_word' id='word_1_21' title='bbox 334 681 425 753; x_wconf 76' lang='lat' dir='ltr'>‘Est</span> <span class='ocrx_word' id='word_1_22' title='bbox 446 681 531 752; x_wconf 91' lang='lat' dir='ltr'>baso</span> <span class='ocrx_word' id='word_1_23' title='bbox 543 682 660 753; x_wconf 85' lang='lat' dir='ltr'>brevis</span> <span class='ocrx_word' id='word_1_24' title='bbox 673 681 899 773; x_wconf 83' lang='lat' dir='ltr'>paraphrasis</span> <span class='ocrx_word' id='word_1_25' title='bbox 911 681 1203 769; x_wconf 86' lang='lat' dir='ltr'>DiviniOraonli,</span> <span class='ocrx_word' id='word_1_26' title='bbox 1219 681 1409 753; x_wconf 63' lang='lat' dir='ltr'>Matthia.</span> <span class='ocrx_word' id='word_1_27' title='bbox 1506 675 1507 678; x_wconf 49' lang='lat'>&#39;</span> 
     </span>
     <span class='ocr_line' id='line_1_5' title="bbox 292 789 1409 882; baseline 0.002 -22"><span class='ocrx_word' id='word_1_28' title='bbox 292 791 347 877; x_wconf 87' lang='grc'>18,</span> <span class='ocrx_word' id='word_1_29' title='bbox 364 812 433 882; x_wconf 87' lang='lat' dir='ltr'>qua</span> <span class='ocrx_word' id='word_1_30' title='bbox 454 789 613 860; x_wconf 74' lang='lat' dir='ltr'>Ecclesia</span> <span class='ocrx_word' id='word_1_31' title='bbox 627 789 827 876; x_wconf 78' lang='lat' dir='ltr'>chaldaica,</span> <span class='ocrx_word' id='word_1_32' title='bbox 846 790 987 860; x_wconf 89' lang='lat' dir='ltr'>sublata</span> <span class='ocrx_word' id='word_1_33' title='bbox 1002 789 1204 882; x_wconf 71' lang='lat' dir='ltr'>metaphora</span> <span class='ocrx_word' id='word_1_34' title='bbox 1229 791 1409 879; x_wconf 84' lang='lat' dir='ltr'>orientali,</span> 
     </span>
     <span class='ocr_line' id='line_1_6' title="bbox 290 895 1412 990; baseline 0.003 -23"><span class='ocrx_word' id='word_1_35' title='bbox 290 899 390 989; x_wconf 90' lang='lat' dir='ltr'>ponit</span> <span class='ocrx_word' id='word_1_36' title='bbox 411 920 473 990; x_wconf 86' lang='lat' dir='ltr'>pro</span> <span class='ocrx_word' id='word_1_37' title='bbox 498 895 655 968; x_wconf 82' lang='lat' dir='ltr'>uPcrtae</span> <span class='ocrx_word' id='word_1_38' title='bbox 677 898 824 966; x_wconf 70' lang='lat' dir='ltr'>Inferio</span> <span class='ocrx_word' id='word_1_39' title='bbox 852 898 997 988; x_wconf 67' lang='lat' dir='ltr'>«Reges</span> <span class='ocrx_word' id='word_1_40' title='bbox 1012 903 1048 968; x_wconf 91' lang='lat' dir='ltr'>et</span> <span class='ocrx_word' id='word_1_41' title='bbox 1063 899 1307 987; x_wconf 79' lang='lat' dir='ltr'>Potestates;n</span> <span class='ocrx_word' id='word_1_42' title='bbox 1333 904 1412 970; x_wconf 89' lang='lat' dir='ltr'>tum</span> 
     </span>
     <span class='ocr_line' id='line_1_7' title="bbox 291 1003 1413 1108; baseline 0.003 -34"><span class='ocrx_word' id='word_1_43' title='bbox 291 1005 336 1076; x_wconf 89' lang='lat' dir='ltr'>ad</span> <span class='ocrx_word' id='word_1_44' title='bbox 358 1004 597 1076; x_wconf 74' lang='lat' dir='ltr'>celebrandam</span> <span class='ocrx_word' id='word_1_45' title='bbox 620 1004 852 1075; x_wconf 73' lang='lat' dir='ltr'>stabilitatem</span> <span class='ocrx_word' id='word_1_46' title='bbox 873 1003 1052 1074; x_wconf 79' lang='lat' dir='ltr'>Ecclesiae</span> <span class='ocrx_word' id='word_1_47' title='bbox 1075 1027 1180 1096; x_wconf 88' lang='lat' dir='ltr'>super</span> <span class='ocrx_word' id='word_1_48' title='bbox 1190 1006 1329 1108; x_wconf 85' lang='lat' dir='ltr'>Petram</span> <span class='ocrx_word' id='word_1_49' title='bbox 1352 1029 1413 1077; x_wconf 90' lang='lat' dir='ltr'>ex·</span> 
     </span>
    </p>
   </div>
   <div class='ocr_carea' id='block_1_2' title="bbox 292 1112 1508 1200">
    <p class='ocr_par' dir='ltr' id='par_1_3' title="bbox 292 1112 1508 1200">
     <span class='ocr_line' id='line_1_8' title="bbox 292 1112 1508 1200; baseline -0.002 -16"><span class='ocrx_word' id='word_1_50' title='bbox 292 1119 459 1200; x_wconf 89' lang='lat' dir='ltr'>structae,</span> <span class='ocrx_word' id='word_1_51' title='bbox 476 1114 638 1184; x_wconf 84' lang='lat' dir='ltr'>effectum</span> <span class='ocrx_word' id='word_1_52' title='bbox 659 1112 735 1183; x_wconf 91' lang='lat' dir='ltr'>loco</span> <span class='ocrx_word' id='word_1_53' title='bbox 758 1133 882 1183; x_wconf 85' lang='lat' dir='ltr'>causas</span> <span class='ocrx_word' id='word_1_54' title='bbox 905 1134 1055 1200; x_wconf 87' lang='lat' dir='ltr'>sumens,</span> <span class='ocrx_word' id='word_1_55' title='bbox 1076 1112 1176 1182; x_wconf 90' lang='lat' dir='ltr'>illam</span> <span class='ocrx_word' id='word_1_56' title='bbox 1199 1113 1244 1184; x_wconf 91' lang='lat' dir='ltr'>ad</span> <span class='ocrx_word' id='word_1_57' title='bbox 1267 1114 1412 1184; x_wconf 89' lang='lat' dir='ltr'>saecula</span> <span class='ocrx_word' id='word_1_58' title='bbox 1507 1155 1508 1194; x_wconf 73' lang='lat'><em>3</em></span> 
     </span>
    </p>
   </div>
   <div class='ocr_carea' id='block_1_3' title="bbox 283 1210 1511 3468">
    <p class='ocr_par' dir='ltr' id='par_1_4' title="bbox 292 1210 1509 1723">
     <span class='ocr_line' id='line_1_9' title="bbox 292 1210 1413 1312; baseline 0.001 -20"><span class='ocrx_word' id='word_1_59' title='bbox 292 1221 509 1302; x_wconf 88' lang='lat' dir='ltr'>saeculorum</span> <span class='ocrx_word' id='word_1_60' title='bbox 531 1243 593 1292; x_wconf 91' lang='lat' dir='ltr'>seu</span> <span class='ocrx_word' id='word_1_61' title='bbox 623 1221 660 1290; x_wconf 90' lang='lat' dir='ltr'>in</span> <span class='ocrx_word' id='word_1_62' title='bbox 691 1221 950 1312; x_wconf 82' lang='lat' dir='ltr'>generationem</span> <span class='ocrx_word' id='word_1_63' title='bbox 979 1210 1244 1312; x_wconf 78' lang='lat' dir='ltr'>generationum</span> <span class='ocrx_word' id='word_1_64' title='bbox 1273 1221 1310 1291; x_wconf 91' lang='lat' dir='ltr'>h.</span> <span class='ocrx_word' id='word_1_65' title='bbox 1323 1245 1355 1292; x_wconf 90' lang='lat' dir='ltr'>e.</span> <span class='ocrx_word' id='word_1_66' title='bbox 1373 1223 1413 1292; x_wconf 89' lang='lat' dir='ltr'>in</span> 
     </span>
     <span class='ocr_line' id='line_1_10' title="bbox 292 1329 1413 1423; baseline 0.002 -24"><span class='ocrx_word' id='word_1_67' title='bbox 292 1334 471 1400; x_wconf 89' lang='lat' dir='ltr'>aeternum</span> <span class='ocrx_word' id='word_1_68' title='bbox 494 1329 712 1416; x_wconf 84' lang='lat' dir='ltr'>duraturam,</span> <span class='ocrx_word' id='word_1_69' title='bbox 730 1329 949 1400; x_wconf 87' lang='lat' dir='ltr'>aedificatam</span> <span class='ocrx_word' id='word_1_70' title='bbox 971 1329 1163 1420; x_wconf 73' lang='lat' dir='ltr'>praedicat,</span> <span class='ocrx_word' id='word_1_71' title='bbox 1178 1329 1326 1423; x_wconf 89' lang='lat' dir='ltr'>deniqne</span> <span class='ocrx_word' id='word_1_72' title='bbox 1348 1353 1413 1423; x_wconf 91' lang='lat' dir='ltr'>pro</span> 
     </span>
     <span class='ocr_line' id='line_1_11' title="bbox 296 1436 1410 1529; baseline 0.004 -25"><span class='ocrx_word' id='word_1_73' title='bbox 296 1437 454 1509; x_wconf 69' lang='lat' dir='ltr'>«Simon</span> <span class='ocrx_word' id='word_1_74' title='bbox 484 1437 674 1527; x_wconf 79' lang='lat' dir='ltr'>Barjonan</span> <span class='ocrx_word' id='word_1_75' title='bbox 711 1437 865 1527; x_wconf 89' lang='lat' dir='ltr'>ejusdem</span> <span class='ocrx_word' id='word_1_76' title='bbox 895 1436 1105 1507; x_wconf 74' lang='lat' dir='ltr'>cathedram</span> <span class='ocrx_word' id='word_1_77' title='bbox 1135 1439 1410 1529; x_wconf 87' lang='lat' dir='ltr'>personilicans,</span> 
     </span>
     <span class='ocr_line' id='line_1_12' title="bbox 292 1543 1509 1637; baseline 0.002 -23"><span class='ocrx_word' id='word_1_78' title='bbox 292 1546 435 1614; x_wconf 84' lang='lat' dir='ltr'>Romam</span> <span class='ocrx_word' id='word_1_79' title='bbox 457 1567 519 1614; x_wconf 88' lang='lat' dir='ltr'>sen</span> <span class='ocrx_word' id='word_1_80' title='bbox 540 1543 734 1615; x_wconf 86' lang='lat' dir='ltr'>Ecclesiam</span> <span class='ocrx_word' id='word_1_81' title='bbox 748 1545 937 1614; x_wconf 83' lang='lat' dir='ltr'>Romanam</span> <span class='ocrx_word' id='word_1_82' title='bbox 953 1545 1151 1637; x_wconf 87' lang='lat' dir='ltr'>loquentem</span> <span class='ocrx_word' id='word_1_83' title='bbox 1166 1549 1203 1614; x_wconf 91' lang='lat' dir='ltr'>et</span> <span class='ocrx_word' id='word_1_84' title='bbox 1217 1545 1412 1616; x_wconf 89' lang='lat' dir='ltr'>testifican·</span> <span class='ocrx_word' id='word_1_85' title='bbox 1491 1617 1509 1634; x_wconf 23' lang='grc' dir='ltr'>Ι,</span> 
     </span>
     <span class='ocr_line' id='line_1_13' title="bbox 293 1652 566 1723; baseline 0 -1"><span class='ocrx_word' id='word_1_86' title='bbox 293 1657 363 1722; x_wconf 85' lang='lat' dir='ltr'>tem</span> <span class='ocrx_word' id='word_1_87' title='bbox 399 1652 566 1723; x_wconf 88' lang='lat' dir='ltr'>traducit.</span> 
     </span>
    </p>

    <p class='ocr_par' dir='ltr' id='par_1_5' title="bbox 290 1761 1413 2068">
     <span class='ocr_line' id='line_1_14' title="bbox 360 1761 1413 1858; baseline 0.001 -27"><span class='ocrx_word' id='word_1_88' title='bbox 360 1761 458 1846; x_wconf 77' lang='lat' dir='ltr'>Quae</span> <span class='ocrx_word' id='word_1_89' title='bbox 482 1783 565 1832; x_wconf 90' lang='lat' dir='ltr'>sane</span> <span class='ocrx_word' id='word_1_90' title='bbox 590 1761 738 1832; x_wconf 86' lang='lat' dir='ltr'>mirifice</span> <span class='ocrx_word' id='word_1_91' title='bbox 768 1765 958 1858; x_wconf 83' lang='lat' dir='ltr'>consonant</span> <span class='ocrx_word' id='word_1_92' title='bbox 987 1761 1145 1848; x_wconf 90' lang='lat' dir='ltr'>duobus,</span> <span class='ocrx_word' id='word_1_93' title='bbox 1169 1784 1255 1852; x_wconf 90' lang='lat' dir='ltr'>prae</span> <span class='ocrx_word' id='word_1_94' title='bbox 1284 1762 1413 1832; x_wconf 87' lang='lat' dir='ltr'>ceteris</span> 
     </span>
     <span class='ocr_line' id='line_1_15' title="bbox 290 1867 1413 1961; baseline 0.001 -23"><span class='ocrx_word' id='word_1_95' title='bbox 290 1868 435 1956; x_wconf 83' lang='lat' dir='ltr'>multis,</span> <span class='ocrx_word' id='word_1_96' title='bbox 461 1891 549 1961; x_wconf 86' lang='lat' dir='ltr'>quae</span> <span class='ocrx_word' id='word_1_97' title='bbox 579 1868 750 1961; x_wconf 90' lang='lat' dir='ltr'>parallela</span> <span class='ocrx_word' id='word_1_98' title='bbox 779 1867 952 1939; x_wconf 89' lang='lat' dir='ltr'>habentur</span> <span class='ocrx_word' id='word_1_99' title='bbox 978 1869 1063 1940; x_wconf 88' lang='lat' dir='ltr'>item</span> <span class='ocrx_word' id='word_1_100' title='bbox 1086 1870 1124 1938; x_wconf 91' lang='lat' dir='ltr'>in</span> <span class='ocrx_word' id='word_1_101' title='bbox 1152 1868 1261 1938; x_wconf 88' lang='lat' dir='ltr'>officio</span> <span class='ocrx_word' id='word_1_102' title='bbox 1288 1868 1413 1941; x_wconf 87' lang='lat' dir='ltr'>divino</span> 
     </span>
     <span class='ocr_line' id='line_1_16' title="bbox 293 1976 693 2068; baseline 0 -22"><span class='ocrx_word' id='word_1_103' title='bbox 293 1978 447 2068; x_wconf 90' lang='lat' dir='ltr'>ipsorum</span> <span class='ocrx_word' id='word_1_104' title='bbox 470 1976 693 2047; x_wconf 85' lang='lat' dir='ltr'>testimoniis.</span> 
     </span>
    </p>

    <p class='ocr_par' dir='ltr' id='par_1_6' title="bbox 293 2083 1511 2502">
     <span class='ocr_line' id='line_1_17' title="bbox 361 2083 1414 2177; baseline -0.002 -23"><span class='ocrx_word' id='word_1_105' title='bbox 361 2084 410 2154; x_wconf 93' lang='lat' dir='ltr'>Et</span> <span class='ocrx_word' id='word_1_106' title='bbox 431 2084 582 2176; x_wconf 88' lang='lat' dir='ltr'>primum</span> <span class='ocrx_word' id='word_1_107' title='bbox 604 2084 742 2177; x_wconf 90' lang='lat' dir='ltr'>quidem</span> <span class='ocrx_word' id='word_1_108' title='bbox 765 2085 804 2154; x_wconf 92' lang='lat' dir='ltr'>in</span> <span class='ocrx_word' id='word_1_109' title='bbox 818 2083 946 2154; x_wconf 86' lang='lat' dir='ltr'>Comm.</span> <span class='ocrx_word' id='word_1_110' title='bbox 959 2084 1032 2154; x_wconf 92' lang='grc' dir='ltr'>ΒΒ.</span> <span class='ocrx_word' id='word_1_111' title='bbox 1045 2084 1144 2154; x_wconf 85' lang='lat' dir='ltr'>Petri</span> <span class='ocrx_word' id='word_1_112' title='bbox 1164 2089 1200 2156; x_wconf 95' lang='lat' dir='ltr'>et</span> <span class='ocrx_word' id='word_1_113' title='bbox 1214 2083 1331 2171; x_wconf 91' lang='lat' dir='ltr'>Pauli,</span> <span class='ocrx_word' id='word_1_114' title='bbox 1349 2083 1414 2153; x_wconf 94' lang='lat' dir='ltr'>nbi</span> 
     </span>
     <span class='ocr_line' id='line_1_18' title="bbox 294 2191 1413 2265; baseline -0.001 -3"><span class='ocrx_word' id='word_1_115' title='bbox 294 2192 345 2263; x_wconf 86' lang='lat' dir='ltr'>sic</span> <span class='ocrx_word' id='word_1_116' title='bbox 360 2191 478 2262; x_wconf 86' lang='lat' dir='ltr'>eadem</span> <span class='ocrx_word' id='word_1_117' title='bbox 491 2191 651 2264; x_wconf 88' lang='lat' dir='ltr'>Ecclesia</span> <span class='ocrx_word' id='word_1_118' title='bbox 665 2192 855 2265; x_wconf 79' lang='lat' dir='ltr'>chaldaica</span> <span class='ocrx_word' id='word_1_119' title='bbox 877 2193 974 2263; x_wconf 86' lang='lat' dir='ltr'>canit</span> <span class='ocrx_word' id='word_1_120' title='bbox 989 2191 1083 2262; x_wconf 72' lang='lat' dir='ltr'>«Hic</span> <span class='ocrx_word' id='word_1_121' title='bbox 1106 2198 1161 2262; x_wconf 87' lang='lat' dir='ltr'>est</span> <span class='ocrx_word' id='word_1_122' title='bbox 1184 2193 1334 2263; x_wconf 86' lang='lat' dir='ltr'>Sanctus</span> <span class='ocrx_word' id='word_1_123' title='bbox 1357 2191 1413 2264; x_wconf 86' lang='lat' dir='ltr'>Si·</span> 
     </span>
     <span class='ocr_line' id='line_1_19' title="bbox 293 2300 1408 2394; baseline 0.002 -25"><span class='ocrx_word' id='word_1_124' title='bbox 293 2321 394 2387; x_wconf 90' lang='lat' dir='ltr'>mon,</span> <span class='ocrx_word' id='word_1_125' title='bbox 421 2323 525 2391; x_wconf 88' lang='lat' dir='ltr'>super</span> <span class='ocrx_word' id='word_1_126' title='bbox 548 2323 648 2394; x_wconf 88' lang='lat' dir='ltr'>quem</span> <span class='ocrx_word' id='word_1_127' title='bbox 671 2302 780 2371; x_wconf 84' lang='lat' dir='ltr'>fixum</span> <span class='ocrx_word' id='word_1_128' title='bbox 810 2301 882 2371; x_wconf 87' lang='lat' dir='ltr'>fuit</span> <span class='ocrx_word' id='word_1_129' title='bbox 912 2301 1176 2372; x_wconf 86' lang='lat' dir='ltr'>fundamentum</span> <span class='ocrx_word' id='word_1_130' title='bbox 1204 2300 1408 2387; x_wconf 87' lang='lat' dir='ltr'>Ecclesiae,</span> 
     </span>
     <span class='ocr_line' id='line_1_20' title="bbox 295 2408 1511 2502; baseline 0 -24"><span class='ocrx_word' id='word_1_131' title='bbox 295 2428 397 2500; x_wconf 87' lang='lat' dir='ltr'>quam</span> <span class='ocrx_word' id='word_1_132' title='bbox 419 2430 488 2477; x_wconf 90' lang='lat' dir='ltr'>non</span> <span class='ocrx_word' id='word_1_133' title='bbox 510 2408 652 2480; x_wconf 84' lang='lat' dir='ltr'>vincent</span> <span class='ocrx_word' id='word_1_134' title='bbox 673 2409 787 2500; x_wconf 87' lang='lat' dir='ltr'>Reges</span> <span class='ocrx_word' id='word_1_135' title='bbox 809 2431 920 2502; x_wconf 91' lang='lat' dir='ltr'>neque</span> <span class='ocrx_word' id='word_1_136' title='bbox 943 2409 1138 2499; x_wconf 69' lang='lat' dir='ltr'>Tyranni»</span> <span class='ocrx_word' id='word_1_137' title='bbox 1166 2409 1229 2498; x_wconf 82' lang='lat'><strong>(2).</strong></span> <span class='ocrx_word' id='word_1_138' title='bbox 1510 2451 1511 2466; x_wconf 57' lang='lat'><em>÷</em></span> 
     </span>
    </p>

    <p class='ocr_par' dir='ltr' id='par_1_7' title="bbox 283 2501 1511 3232">
     <span class='ocr_line' id='line_1_21' title="bbox 359 2501 1511 2608; baseline 0.005 -26"><span class='ocrx_word' id='word_1_139' title='bbox 359 2514 522 2584; x_wconf 76' lang='lat' dir='ltr'>marum</span> <span class='ocrx_word' id='word_1_140' title='bbox 548 2519 603 2584; x_wconf 72' lang='lat' dir='ltr'>sse</span> <span class='ocrx_word' id='word_1_141' title='bbox 624 2514 716 2585; x_wconf 80' lang='lat' dir='ltr'>mua</span> <span class='ocrx_word' id='word_1_142' title='bbox 738 2537 761 2583; x_wconf 68' lang='lat' dir='ltr'>a</span> <span class='ocrx_word' id='word_1_143' title='bbox 782 2515 882 2584; x_wconf 76' lang='lat' dir='ltr'>noea</span> <span class='ocrx_word' id='word_1_144' title='bbox 910 2515 984 2606; x_wconf 73' lang='lat' dir='ltr'>jam</span> <span class='ocrx_word' id='word_1_145' title='bbox 1014 2515 1198 2585; x_wconf 75' lang='lat' dir='ltr'>nudatum</span> <span class='ocrx_word' id='word_1_146' title='bbox 1221 2515 1292 2605; x_wconf 82' lang='lat' dir='ltr'>(a),</span> <span class='ocrx_word' id='word_1_147' title='bbox 1318 2517 1413 2608; x_wconf 80' lang='lat' dir='ltr'>quoa</span> <span class='ocrx_word' id='word_1_148' title='bbox 1510 2501 1511 2562; x_wconf 65' lang='lat'><em>³</em></span> 
     </span>
     <span class='ocr_line' id='line_1_22' title="bbox 293 2621 1411 2712; baseline 0.003 -22"><span class='ocrx_word' id='word_1_149' title='bbox 293 2644 362 2690; x_wconf 90' lang='lat' dir='ltr'>non</span> <span class='ocrx_word' id='word_1_150' title='bbox 378 2621 512 2712; x_wconf 85' lang='lat' dir='ltr'>pigebit</span> <span class='ocrx_word' id='word_1_151' title='bbox 527 2622 654 2692; x_wconf 87' lang='lat' dir='ltr'>iterum</span> <span class='ocrx_word' id='word_1_152' title='bbox 671 2623 793 2692; x_wconf 90' lang='lat' dir='ltr'>audire</span> <span class='ocrx_word' id='word_1_153' title='bbox 818 2621 959 2692; x_wconf 72' lang='lat' dir='ltr'>«Beata</span> <span class='ocrx_word' id='word_1_154' title='bbox 978 2640 1026 2708; x_wconf 89' lang='lat' dir='ltr'>es,</span> <span class='ocrx_word' id='word_1_155' title='bbox 1047 2621 1270 2693; x_wconf 86' lang='lat' dir='ltr'>celeberrima</span> <span class='ocrx_word' id='word_1_156' title='bbox 1286 2623 1411 2710; x_wconf 87' lang='lat' dir='ltr'>Roma,</span> 
     </span>
     <span class='ocr_line' id='line_1_23' title="bbox 294 2727 1413 2822; baseline 0.003 -24"><span class='ocrx_word' id='word_1_157' title='bbox 294 2728 421 2818; x_wconf 85' lang='lat' dir='ltr'>Sponsi</span> <span class='ocrx_word' id='word_1_158' title='bbox 443 2727 611 2800; x_wconf 80' lang='lat' dir='ltr'>Caelestis</span> <span class='ocrx_word' id='word_1_159' title='bbox 633 2729 788 2816; x_wconf 87' lang='lat' dir='ltr'>Ancilla,</span> <span class='ocrx_word' id='word_1_160' title='bbox 803 2730 841 2799; x_wconf 91' lang='lat' dir='ltr'>in</span> <span class='ocrx_word' id='word_1_161' title='bbox 857 2754 936 2822; x_wconf 87' lang='lat' dir='ltr'>qua,</span> <span class='ocrx_word' id='word_1_162' title='bbox 956 2753 1019 2800; x_wconf 89' lang='lat' dir='ltr'>osu</span> <span class='ocrx_word' id='word_1_163' title='bbox 1040 2729 1079 2798; x_wconf 89' lang='lat' dir='ltr'>in</span> <span class='ocrx_word' id='word_1_164' title='bbox 1101 2735 1217 2821; x_wconf 88' lang='lat' dir='ltr'>portu,</span> <span class='ocrx_word' id='word_1_165' title='bbox 1233 2729 1341 2822; x_wconf 89' lang='lat' dir='ltr'>positi</span> <span class='ocrx_word' id='word_1_166' title='bbox 1357 2754 1413 2801; x_wconf 91' lang='lat' dir='ltr'>re-</span> 
     </span>
     <span class='ocr_line' id='line_1_24' title="bbox 293 2837 1415 2930; baseline 0.001 -23"><span class='ocrx_word' id='word_1_167' title='bbox 293 2837 482 2928; x_wconf 87' lang='lat' dir='ltr'>periuntur</span> <span class='ocrx_word' id='word_1_168' title='bbox 504 2838 573 2908; x_wconf 89' lang='lat' dir='ltr'>duo</span> <span class='ocrx_word' id='word_1_169' title='bbox 595 2839 760 2909; x_wconf 85' lang='lat' dir='ltr'>veritatis</span> <span class='ocrx_word' id='word_1_170' title='bbox 774 2860 972 2930; x_wconf 87' lang='lat' dir='ltr'>praecones,</span> <span class='ocrx_word' id='word_1_171' title='bbox 986 2839 1136 2924; x_wconf 88' lang='lat' dir='ltr'>Petrus,</span> <span class='ocrx_word' id='word_1_172' title='bbox 1162 2837 1323 2924; x_wconf 90' lang='lat' dir='ltr'>scilicet,</span> <span class='ocrx_word' id='word_1_173' title='bbox 1348 2838 1415 2908; x_wconf 90' lang='lat' dir='ltr'>ille</span> 
     </span>
     <span class='ocr_line' id='line_1_25' title="bbox 283 2943 1415 3036; baseline 0.002 -24"><span class='ocrx_word' id='word_1_174' title='bbox 283 2944 539 3036; x_wconf 24' lang='lat' dir='ltr'>,Apostolorum</span> <span class='ocrx_word' id='word_1_175' title='bbox 554 2945 732 3036; x_wconf 90' lang='lat' dir='ltr'>Princeps,</span> <span class='ocrx_word' id='word_1_176' title='bbox 754 2968 859 3036; x_wconf 88' lang='lat' dir='ltr'>super</span> <span class='ocrx_word' id='word_1_177' title='bbox 874 2945 978 3035; x_wconf 87' lang='lat' dir='ltr'>cujas</span> <span class='ocrx_word' id='word_1_178' title='bbox 992 2945 1193 3015; x_wconf 84' lang='lat' dir='ltr'>firmitatem</span> <span class='ocrx_word' id='word_1_179' title='bbox 1208 2943 1415 3015; x_wconf 83' lang='lat' dir='ltr'>aedificavit</span> 
     </span>
     <span class='ocr_line' id='line_1_26' title="bbox 295 3051 1413 3140; baseline 0 -18"><span class='ocrx_word' id='word_1_180' title='bbox 295 3052 459 3123; x_wconf 83' lang='lat' dir='ltr'>Salvator</span> <span class='ocrx_word' id='word_1_181' title='bbox 487 3058 608 3123; x_wconf 86' lang='lat' dir='ltr'>noster</span> <span class='ocrx_word' id='word_1_182' title='bbox 628 3053 820 3123; x_wconf 89' lang='lat' dir='ltr'>Ecclesiam</span> <span class='ocrx_word' id='word_1_183' title='bbox 843 3074 941 3123; x_wconf 90' lang='lat' dir='ltr'>suam</span> <span class='ocrx_word' id='word_1_184' title='bbox 964 3052 1112 3140; x_wconf 86' lang='lat' dir='ltr'>fidelem,</span> <span class='ocrx_word' id='word_1_185' title='bbox 1129 3058 1166 3124; x_wconf 91' lang='lat' dir='ltr'>et</span> <span class='ocrx_word' id='word_1_186' title='bbox 1187 3051 1320 3123; x_wconf 90' lang='lat' dir='ltr'>Paulus</span> <span class='ocrx_word' id='word_1_187' title='bbox 1342 3053 1413 3123; x_wconf 92' lang='lat' dir='ltr'>els-</span> 
     </span>
     <span class='ocr_line' id='line_1_27' title="bbox 295 3166 498 3232; baseline -0.03 -1"><span class='ocrx_word' id='word_1_188' title='bbox 295 3166 373 3232; x_wconf 87' lang='lat' dir='ltr'>ctus</span> <span class='ocrx_word' id='word_1_189' title='bbox 396 3166 498 3231; x_wconf 69' lang='lat' dir='ltr'>etc.»</span> 
     </span>
    </p>

    <p class='ocr_par' dir='ltr' id='par_1_8' title="bbox 294 3268 1416 3468">
     <span class='ocr_line' id='line_1_28' title="bbox 361 3268 1415 3361; baseline 0.001 -23"><span class='ocrx_word' id='word_1_190' title='bbox 361 3269 478 3355; x_wconf 88' lang='lat' dir='ltr'>Hisce,</span> <span class='ocrx_word' id='word_1_191' title='bbox 489 3269 620 3361; x_wconf 88' lang='lat' dir='ltr'>itaque,</span> <span class='ocrx_word' id='word_1_192' title='bbox 635 3269 750 3339; x_wconf 89' lang='lat' dir='ltr'>tribus</span> <span class='ocrx_word' id='word_1_193' title='bbox 772 3269 864 3338; x_wconf 92' lang='lat' dir='ltr'>inter</span> <span class='ocrx_word' id='word_1_194' title='bbox 880 3291 916 3338; x_wconf 85' lang='lat' dir='ltr'>se</span> <span class='ocrx_word' id='word_1_195' title='bbox 933 3268 1071 3340; x_wconf 86' lang='lat' dir='ltr'>collatis</span> <span class='ocrx_word' id='word_1_196' title='bbox 1087 3269 1309 3356; x_wconf 87' lang='lat' dir='ltr'>testimoniis,</span> <span class='ocrx_word' id='word_1_197' title='bbox 1336 3292 1415 3360; x_wconf 89' lang='lat' dir='ltr'>per-</span> 
     </span>
     <span class='ocr_line' id='line_1_29' title="bbox 294 3375 1416 3468; baseline 0.002 -24"><span class='ocrx_word' id='word_1_198' title='bbox 294 3375 500 3468; x_wconf 89' lang='lat' dir='ltr'>emptorium</span> <span class='ocrx_word' id='word_1_199' title='bbox 522 3375 683 3466; x_wconf 77' lang='lat' dir='ltr'>exsurgit</span> <span class='ocrx_word' id='word_1_200' title='bbox 708 3399 751 3446; x_wconf 89' lang='lat' dir='ltr'>ex</span> <span class='ocrx_word' id='word_1_201' title='bbox 777 3375 1064 3447; x_wconf 85' lang='lat' dir='ltr'>Nestorianorum</span> <span class='ocrx_word' id='word_1_202' title='bbox 1087 3375 1299 3446; x_wconf 75' lang='lat' dir='ltr'>confessione</span> <span class='ocrx_word' id='word_1_203' title='bbox 1314 3427 1330 3468; x_wconf 84' lang='grc'><strong>,</strong></span> <span class='ocrx_word' id='word_1_204' title='bbox 1349 3401 1416 3468; x_wconf 89' lang='lat' dir='ltr'>pro</span> 
     </span>
    </p>
   </div>
   <div class='ocr_carea' id='block_1_4' title="bbox 295 3699 1426 4163">
    <p class='ocr_par' dir='ltr' id='par_1_9' title="bbox 295 3699 1426 4163">
     <span class='ocr_line' id='line_1_30' title="bbox 366 3699 826 3777; baseline 0.002 -20"><span class='ocrx_word' id='word_1_205' title='bbox 366 3699 455 3777; x_wconf 71' lang='grc'><strong>(8.4.)</strong></span> <span class='ocrx_word' id='word_1_206' title='bbox 472 3703 516 3756; x_wconf 77' lang='lat' dir='ltr'>En</span> <span class='ocrx_word' id='word_1_207' title='bbox 536 3705 633 3759; x_wconf 83' lang='lat' dir='ltr'>textus</span> <span class='ocrx_word' id='word_1_208' title='bbox 651 3702 826 3760; x_wconf 85' lang='lat' dir='ltr'>chaldaicus:</span> 
     </span>
     <span class='ocr_line' id='line_1_31' title="bbox 295 3793 1317 3918; baseline -0.004 -51"><span class='ocrx_word' id='word_1_209' title='bbox 295 3799 361 3881; x_wconf 60' lang='lat' dir='ltr'>ar</span> <span class='ocrx_word' id='word_1_210' title='bbox 390 3803 526 3886; x_wconf 51' lang='lat' dir='ltr'>aas,</span> <span class='ocrx_word' id='word_1_211' title='bbox 557 3800 630 3882; x_wconf 62' lang='lat' dir='ltr'>aa</span> <span class='ocrx_word' id='word_1_212' title='bbox 664 3793 768 3901; x_wconf 37' lang='lat' dir='ltr'>:aas</span> <span class='ocrx_word' id='word_1_213' title='bbox 798 3804 875 3886; x_wconf 58' lang='lat' dir='ltr'>aa</span> <span class='ocrx_word' id='word_1_214' title='bbox 908 3798 1045 3918; x_wconf 41' lang='lat' dir='ltr'>peaes</span> <span class='ocrx_word' id='word_1_215' title='bbox 1084 3803 1196 3905; x_wconf 57' lang='lat' dir='ltr'>gete</span> <span class='ocrx_word' id='word_1_216' title='bbox 1230 3793 1317 3864; x_wconf 67' lang='lat' dir='ltr'>rece</span> 
     </span>
     <span class='ocr_line' id='line_1_32' title="bbox 818 3935 1426 4060; baseline 0.002 -51"><span class='ocrx_word' id='word_1_217' title='bbox 818 3935 1007 4060; x_wconf 55' lang='grc' dir='ltr'>,(ιῡμ)</span> <span class='ocrx_word' id='word_1_218' title='bbox 1040 3941 1191 4042; x_wconf 57' lang='lat' dir='ltr'>‚pesam</span> <span class='ocrx_word' id='word_1_219' title='bbox 1226 3942 1279 4023; x_wconf 72' lang='lat' dir='ltr'>aa</span> <span class='ocrx_word' id='word_1_220' title='bbox 1308 3940 1426 4024; x_wconf 65' lang='lat' dir='ltr'>mres</span> 
     </span>
     <span class='ocr_line' id='line_1_33' title="bbox 367 4081 1415 4163; baseline 0.004 -23"><span class='ocrx_word' id='word_1_221' title='bbox 367 4081 413 4163; x_wconf 64' lang='grc' dir='ltr'>(Β)</span> <span class='ocrx_word' id='word_1_222' title='bbox 429 4085 506 4143; x_wconf 90' lang='lat' dir='ltr'>Idem</span> <span class='ocrx_word' id='word_1_223' title='bbox 526 4087 719 4144; x_wconf 87' lang='lat' dir='ltr'>documentum</span> <span class='ocrx_word' id='word_1_224' title='bbox 742 4091 802 4160; x_wconf 86' lang='lat' dir='ltr'>jam</span> <span class='ocrx_word' id='word_1_225' title='bbox 820 4087 927 4143; x_wconf 83' lang='lat' dir='ltr'>adduxi</span> <span class='ocrx_word' id='word_1_226' title='bbox 945 4103 1040 4158; x_wconf 84' lang='lat' dir='ltr'>supra,</span> <span class='ocrx_word' id='word_1_227' title='bbox 1060 4104 1084 4144; x_wconf 89' lang='lat' dir='ltr'>c.</span> <span class='ocrx_word' id='word_1_228' title='bbox 1100 4089 1126 4144; x_wconf 90' lang='lat'>1.</span> <span class='ocrx_word' id='word_1_229' title='bbox 1139 4089 1226 4144; x_wconf 82' lang='lat' dir='ltr'>n.111.</span> <span class='ocrx_word' id='word_1_230' title='bbox 1245 4101 1306 4145; x_wconf 91' lang='lat' dir='ltr'>cum</span> <span class='ocrx_word' id='word_1_231' title='bbox 1329 4090 1415 4144; x_wconf 83' lang='lat' dir='ltr'>textu</span> 
     </span>
    </p>
   </div>
   <div class='ocr_carea' id='block_1_5' title="bbox 297 4177 1071 4354">
    <p class='ocr_par' dir='ltr' id='par_1_10' title="bbox 297 4177 1071 4354">
     <span class='ocr_line' id='line_1_34' title="bbox 297 4177 453 4234; baseline -0.006 0"><span class='ocrx_word' id='word_1_232' title='bbox 297 4177 453 4234; x_wconf 85' lang='lat' dir='ltr'>chaldaico.</span> 
     </span>
     <span class='ocr_line' id='line_1_35' title="bbox 367 4261 1071 4354; baseline 0.006 -34"><span class='ocrx_word' id='word_1_233' title='bbox 367 4261 411 4340; x_wconf 75' lang='grc' dir='ltr'>(Β)</span> <span class='ocrx_word' id='word_1_234' title='bbox 429 4267 530 4354; x_wconf 78' lang='lat' dir='ltr'>Supra,</span> <span class='ocrx_word' id='word_1_235' title='bbox 549 4285 574 4323; x_wconf 88' lang='lat' dir='ltr'>c.</span> <span class='ocrx_word' id='word_1_236' title='bbox 589 4270 615 4322; x_wconf 89' lang='lat'>1.</span> <span class='ocrx_word' id='word_1_237' title='bbox 630 4285 659 4323; x_wconf 88' lang='lat' dir='ltr'>n.</span> <span class='ocrx_word' id='word_1_238' title='bbox 674 4270 712 4324; x_wconf 95' lang='lat'>11.</span> <span class='ocrx_word' id='word_1_239' title='bbox 734 4285 796 4324; x_wconf 86' lang='lat' dir='ltr'>cum</span> <span class='ocrx_word' id='word_1_240' title='bbox 815 4271 898 4326; x_wconf 85' lang='lat' dir='ltr'>textu</span> <span class='ocrx_word' id='word_1_241' title='bbox 915 4261 1071 4326; x_wconf 83' lang='lat' dir='ltr'>chaldaico.</span> 
     </span>
    </p>
   </div>
   <div class='ocr_carea' id='block_1_6' title="bbox 0 0 1529 4750">
    <p class='ocr_par' dir='ltr' id='par_1_11' title="bbox 0 0 1529 4750">
     <span class='ocr_line' id='line_1_36' title="bbox 0 0 1529 4750; baseline 0 0"><span class='ocrx_word' id='word_1_242' title='bbox 0 0 1529 4750; x_wconf 95' lang='lat' dir='ltr'> </span> 
     </span>
    </p>
   </div>
  </div>
 </body>
</html>
