3046 4756
748 243 949 310 -176-

288 395 407 456 senes,
433 371 475 440 de
498 393 565 462 quo
588 370 763 436 Auctores
787 367 1029 458 subsequentis
1053 369 1180 436 aetatis
1204 369 1308 458 plura
1331 393 1413 459 pro-

290 480 454 548 diderunt
478 479 540 567 (1).
568 475 809 564 Schythianus
839 473 947 563 hujus
979 473 1148 563 magister
1175 481 1211 544 et
1233 478 1413 544 teterrimi

286 587 436 656 Manetis
459 607 663 677 praecursor
680 584 742 670 (2),
758 583 969 651 Harmonius
993 583 1145 672 praefati
1161 583 1414 652 Bardaissanis

287 695 395 780 filiue,
421 695 582 787 quicum
613 715 674 760 suo
698 699 797 782 petre
821 691 955 781 primus
978 690 1212 781 hymnologus
1243 715 1412 781 syrorum

285 803 425 870 exstitit
448 803 514 891 (3),
540 800 663 868 Kokus
687 799 779 867 alius
803 799 974 867 sectarius
999 799 1113 886 Syrus
1137 800 1206 888 (4),
1233 800 1411 870 Tetianus

284 910 309 978 J
312 909 421 978 ustini
436 909 483 977 M.
502 907 696 999 discipulus
712 908 762 996 (5)
786 914 822 976 et
844 906 987 975 Buddas
1004 930 1066 976 seu
1079 907 1292 976 Terbinthus
1310 908 1407 978 alter

346 1114 350 1123 1

291 1191 342 1244 vix
360 1206 427 1258 pars
448 1190 565 1243 minima
590 1191 766 1257 pervenerit.
795 1191 936 1243 Damnata
961 1189 1036 1243 enim
1063 1190 1171 1258 scripta
1197 1191 1264 1256 igne
1286 1190 1411 1243 cremari

282 1282 467 1350 jubebantur,
486 1281 572 1349 juxta
590 1279 732 1334 Ecclesiae
751 1281 936 1346 apostolicum
958 1295 1073 1333 merem.

354 1365 398 1443 (1)
417 1369 617 1437 Bardessanes,
640 1385 721 1436 quem
739 1369 841 1434 Syrum
852 1370 1002 1437 Eusebius,
1019 1369 1194 1423 Edessennm
1212 1369 1408 1437 Epiphanius,

285 1461 457 1514 Edessenum
476 1461 505 1512 et
523 1461 624 1524 Syrum
643 1458 842 1525 Theodoritus,
863 1460 1054 1525 Babylonium
1072 1459 1262 1526 Hieronymus
1285 1463 1316 1512 et
1337 1461 1407 1512 Por·

284 1550 405 1618 phyrins
425 1551 574 1616 appellant
596 1549 771 1616 «principie,
787 1549 830 1601 ait
843 1549 949 1616 Epiph.
963 1544 1055 1624 (haer.
1066 1549 1110 1601 56.
1127 1565 1150 1601 e.
1162 1545 1211 1618 1.),
1232 1551 1316 1614 longe
1330 1551 1407 1617 cpti-

285 1657 345 1694 mus
364 1641 411 1694 vir
429 1640 488 1692 iuit
507 1655 539 1692 ac
557 1640 647 1691 libros
666 1637 742 1691 haud
764 1654 866 1705 paucos
894 1639 1082 1706 conscripsit,
1104 1654 1188 1706 quum
1217 1639 1309 1691 adhuc
1333 1656 1408 1694 sana

284 1734 370 1798 atque
389 1729 504 1794 integra
523 1733 615 1781 mente
635 1733 756 1782 esset...
768 1729 910 1796 Quumque
929 1729 1041 1794 Abgaro
1054 1728 1261 1782 Edessenerum
1280 1731 1404 1800 Regulo,

286 1821 349 1874 vire
370 1819 571 1886 Sanctissimo,
592 1819 794 1872 familiaritate
814 1820 981 1886 conjunctus
1000 1821 1088 1885 esset,
1106 1823 1190 1886 atque
1208 1835 1269 1872 cum
1288 1834 1320 1872 eo
1340 1835 1406 1873 con-

283 1910 407 1964 corditer
420 1925 449 1962 se
463 1911 493 1961 in
508 1910 636 1962 omnibus
649 1913 761 1974 gereret
821 1909 854 1960 de
873 1909 926 1962 fide
947 1909 1096 1975 catholica,
1113 1909 1328 1976 quamprimum
1344 1926 1406 1977 pre

283 2000 432 2067 titebatur,
452 2001 556 2066 optime
579 2000 698 2052 meritus
718 2003 789 2052 este
813 1999 950 2052 Eusebius
975 2015 1050 2052 vero.
1064 1998 1112 2070 (H.
1123 1999 1156 2051 E.
1178 1999 1230 2052 lib.
1242 2001 1291 2054 IV.
1308 2015 1332 2053 c.
1343 1998 1405 2070 30.)

283 2094 380 2144 auctor
393 2093 438 2142 est
453 2088 680 2142 «Bardessanem
694 2089 869 2157 impietatem
879 2089 1039 2155 Valentini,
1054 2090 1099 2141 cui
1112 2089 1291 2156 adhaeserat,
1302 2095 1405 2157 postea
1503 2125 1504 2170 ,

285 2181 469 2248 improbasse,
490 2179 539 2233 sed
559 2180 668 2233 vetusti
687 2183 772 2247 atque
786 2179 887 2232 inoliti
906 2180 1012 2232 erroris
1035 2178 1132 2232 sordes
1152 2195 1208 2231 nen
1224 2180 1340 2246 penitus
1356 2196 1403 2233 ex·

283 2271 436 2323 tersisse.»
458 2271 554 2324 Vitam
575 2269 711 2336 perduxit
729 2285 816 2336 usqne
836 2268 872 2322 ad
890 2269 973 2320 finem
993 2269 1078 2337 hujus
1099 2283 1170 2322 sace.
1186 2270 1226 2322 11.

352 2354 397 2432 (2)
415 2359 455 2412 De
474 2359 650 2426 Schythiano
662 2359 890 2413 Manichaeorum
903 2359 993 2426 primo
1006 2362 1134 2426 parente,
1147 2359 1265 2426 ejusque
1278 2362 1403 2426 quatuor

284 2451 368 2502 libris
390 2449 538 2503 disserunt
556 2449 743 2516 Epiphanius,
764 2447 952 2502 Theodoritus
971 2448 1089 2514 aliique.
1108 2449 1335 2502 Jesu-Bar-Nun
1349 2450 1402 2502 Pa·

282 2539 408 2593 triarcha
419 2534 504 2614 (saec.
518 2534 615 2612 VIII.)
627 2539 733 2592 tribuit
746 2539 901 2605 Schytiano
915 2539 1086 2605 peculiarem
1099 2539 1217 2591 formam
1232 2540 1401 2605 scriptionis
1502 2531 1503 2542 ¹

282 2629 414 2696 Syriacae
432 2645 481 2682 seu
501 2629 674 2695 Aramaicae,
695 2643 813 2694 eumque
834 2631 917 2681 vocat
935 2627 1136 2680 Bardaissanis
1155 2628 1335 2693 magistrum.

351 2714 394 2792 (3)
412 2718 526 2771 Etenim
539 2719 709 2771 Harmonius
723 2723 833 2784 patrem
846 2717 975 2769 imitatus
985 2716 1129 2770 modorum
1143 2718 1287 2770 suavitate
1301 2721 1400 2785 captes

281 2809 458 2862 audientium
477 2810 585 2862 animos
605 2809 641 2862 ad
660 2810 781 2862 exitium
808 2810 1003 2876 pertrahebat.
1024 2809 1201 2876 Quapropter
1222 2810 1399 2876 Ephreemus

280 2898 509 2965 compositionem
537 2898 679 2952 modorum
702 2899 736 2952 ab
755 2899 803 2951 his
823 2901 969 2952 mutuatus
995 2901 1130 2966 pietatem
1150 2901 1270 2953 canticis
1296 2903 1398 2969 permi-

281 3003 357 3040 scere
369 2990 487 3040 conatus
507 2991 563 3040 est.
585 2988 705 3060 Consule
725 2988 830 3042 Sozam.
846 2991 867 3042 l.
882 2990 909 3042 3.
924 3005 946 3041 c.
962 2988 1006 3044 16.
1019 2991 1048 3040 et
1061 2988 1197 3042 Theoder.
1219 2990 1255 3041 Η.
1268 2990 1299 3042 Ε.
1315 2991 1398 3043 lib.4.

280 3094 303 3130 c.
316 3077 359 3130 29.
374 3093 481 3130 necnon
499 3077 599 3132 ERID.
613 3080 823 3132 STRUNZIUM
840 3080 872 3131 in
894 3099 906 3126 u
928 3080 1004 3131 Hier.
1027 3079 1201 3132 Bardesuuis
1219 3087 1245 3130 et
1264 3081 1399 3133 Bardaic-

280 3165 454 3229 uiscerum»
478 3174 503 3216 et
513 3165 708 3221 AUGUSTUM
727 3167 831 3220 Hsflu
850 3169 881 3220 in
901 3167 1094 3231 ¹«Bardssuaee
1114 3168 1258 3234 qneeticus
1266 3171 1400 3234 Syrorum

281 3259 392 3310 Primus
407 3259 612 3325 Hymaeloyus.
627 3280 640 3308 s

351 3355 392 3433 (4)
409 3361 491 3414 Hunc
509 3361 620 3414 Koknm
642 3346 785 3444 (enon)
812 3364 950 3416 memoret
970 3362 997 3416 S.
1009 3363 1184 3430 Ephraemus
1202 3364 1281 3417 inter
1299 3363 1396 3417 haere·

280 3465 352 3517 ticos
371 3463 459 3530 Syros
477 3465 613 3532 antiquos
632 3480 702 3532 qnos
720 3466 879 3533 impugnat.
1498 3523 1499 3528 .

293 3619 294 3622 Ἴ
349 3548 394 3628 (5)
412 3555 573 3622 datianum,
595 3555 645 3622 qui
666 3570 693 3608 se
712 3556 773 3622 ipse
793 3555 837 3608 eit
854 3556 977 3609 Matiene
995 3555 1145 3622 Assyrium
1165 3573 1227 3610 esse
1246 3555 1258 3629 (
1267 3558 1297 3609 in
1317 3559 1396 3614 Orat.
1498 3545 1499 3616 J

273 3643 350 3696 Mdv.
365 3639 507 3714 Graecos)
526 3644 628 3711 Syrum
646 3648 795 3712 appellant
814 3647 901 3700 (ilem.
915 3646 1140 3715 Alexandrinus,
1156 3651 1185 3701 et
1197 3647 1395 3718 Theodoritus,

278 3732 378 3797 Syrum
391 3733 461 3784 etin
471 3735 673 3800 Mesopotamia
691 3737 788 3788 natum
799 3735 988 3802 Epiphanius.
1003 3737 1041 3789 Et
1057 3739 1133 3789 recte
1147 3751 1242 3790 omnes
1252 3739 1339 3806 Juxta
1352 3755 1397 3792 su·

280 3822 375 3886 pertus
395 3822 540 3888 adnotata.
556 3826 705 3877 Praeterea
718 3825 896 3891 Epiphanius
910 3825 992 3880 docet
1004 3827 1166 3894 Tatiannm,
1182 3827 1255 3880 circa
1271 3843 1317 3880 an.
1329 3829 1394 3881 XII.
1497 3845 1498 3858 ¹

277 3908 417 3964 Antonini
426 3912 481 3978 Pii,
494 3913 525 3964 in
535 3915 737 3980 Mesopotamia
755 3930 856 3968 novam
876 3913 1037 3968 condidisse
1051 3918 1170 3970 Sectam.
1182 3917 1337 3986 Ebedjesns
1350 3918 1396 3972 So·

277 3999 374 4052 bensis
393 4000 424 4052 in
444 3999 536 4053 catal.
551 3999 643 4067 Scrip.
665 4002 739 4069 Syr..
754 4006 783 4055 et
802 4004 833 4055 in
852 4002 977 4056 Praefat.
1003 4002 1039 4057 ad
1057 4005 1152 4071 Epist.
1168 4004 1256 4058 Oann.
1271 4005 1394 4071 Synodd.
1496 4023 1497 4026 ¹

279 4089 396 4142 'datiani
417 4090 602 4145 Diatessaren
622 4092 768 4160 Syriacum
786 4088 885 4167 (uuum
908 4094 1013 4146 librum
1040 4110 1074 4147 ex
1098 4097 1217 4162 quatuor
1229 4096 1397 4162 Evangeliis

280 4177 435 4249 digestum)
457 4181 565 4249 laudat,
578 4183 661 4250 quod,
676 4184 797 4238 testibus
810 4184 993 4240 Barsalibaec
1008 4189 1037 4239 et
1048 4185 1236 4255 Barhebraeo,
1252 4186 1281 4241 S.
1291 4186 1397 4255 Eprae·

279 4283 341 4321 mus
358 4272 565 4324 commentariis
584 4272 756 4328 illustravit.
