<?xml version="1.0" encoding="UTF-8"?>
<!DOCTYPE html PUBLIC "-//W3C//DTD XHTML 1.0 Transitional//EN"
    "http://www.w3.org/TR/xhtml1/DTD/xhtml1-transitional.dtd">
<html xmlns="http://www.w3.org/1999/xhtml" xml:lang="en" lang="en">
 <head>
  <title>
</title>
<meta http-equiv="Content-Type" content="text/html;charset=utf-8" />
  <meta name='ocr-system' content='tesseract 3.04.00' />
  <meta name='ocr-capabilities' content='ocr_page ocr_carea ocr_par ocr_line ocrx_word'/>
</head>
<body>
  <div class='ocr_page' id='page_1' title='image "./syriorientaless00khaygoog_0047.png"; bbox 0 0 3036 4750; ppageno 0'>
   <div class='ocr_carea' id='block_1_1' title="bbox 291 148 1408 472">
    <p class='ocr_par' dir='ltr' id='par_1_1' title="bbox 291 148 1509 472">
     <span class='ocr_line' id='line_1_1' title="bbox 763 148 940 214; baseline 0.011 -18"><span class='ocrx_word' id='word_1_1' title='bbox 763 187 806 196; x_wconf 90' lang='lat'><strong>..</strong></span> <span class='ocrx_word' id='word_1_2' title='bbox 829 148 873 214; x_wconf 75' lang='lat' dir='ltr'><strong>2ss</strong></span> <span class='ocrx_word' id='word_1_3' title='bbox 901 187 940 198; x_wconf 78' lang='grc'><strong>.-</strong></span> 
     </span>
     <span class='ocr_line' id='line_1_2' title="bbox 291 271 1408 362; baseline 0.002 -24"><span class='ocrx_word' id='word_1_4' title='bbox 291 276 326 339; x_wconf 92' lang='lat' dir='ltr'><strong>et</strong></span> <span class='ocrx_word' id='word_1_5' title='bbox 349 272 386 338; x_wconf 91' lang='lat' dir='ltr'><strong>in</strong></span> <span class='ocrx_word' id='word_1_6' title='bbox 409 271 550 342; x_wconf 90' lang='lat' dir='ltr'><strong>Oriente</strong></span> <span class='ocrx_word' id='word_1_7' title='bbox 581 278 617 342; x_wconf 91' lang='lat' dir='ltr'><strong>et</strong></span> <span class='ocrx_word' id='word_1_8' title='bbox 647 272 756 341; x_wconf 88' lang='lat' dir='ltr'><strong>multo</strong></span> <span class='ocrx_word' id='word_1_9' title='bbox 786 281 866 341; x_wconf 88' lang='lat' dir='ltr'><strong>ante</strong></span> <span class='ocrx_word' id='word_1_10' title='bbox 897 272 1053 344; x_wconf 89' lang='lat' dir='ltr'><strong>Nestorii</strong></span> <span class='ocrx_word' id='word_1_11' title='bbox 1083 271 1275 355; x_wconf 79' lang='lat' dir='ltr'><strong>haeresim,</strong></span> <span class='ocrx_word' id='word_1_12' title='bbox 1301 277 1408 362; x_wconf 87' lang='lat' dir='ltr'><strong>atque</strong></span> 
     </span>
     <span class='ocr_line' id='line_1_3' title="bbox 292 377 1405 472; baseline 0.004 -28"><span class='ocrx_word' id='word_1_13' title='bbox 292 377 541 451; x_wconf 78' lang='lat' dir='ltr'>Chaldaeorum</span> <span class='ocrx_word' id='word_1_14' title='bbox 565 401 586 448; x_wconf 93' lang='lat' dir='ltr'><strong>a</strong></span> <span class='ocrx_word' id='word_1_15' title='bbox 608 379 745 472; x_wconf 89' lang='lat' dir='ltr'><strong>reliqua</strong></span> <span class='ocrx_word' id='word_1_16' title='bbox 767 381 925 450; x_wconf 81' lang='lat' dir='ltr'><strong>Ecclesia</strong></span> <span class='ocrx_word' id='word_1_17' title='bbox 940 381 1093 449; x_wconf 75' lang='lat' dir='ltr'><strong>Orientis</strong></span> <span class='ocrx_word' id='word_1_18' title='bbox 1115 402 1135 446; x_wconf 91' lang='lat' dir='ltr'><strong>a</strong></span> <span class='ocrx_word' id='word_1_19' title='bbox 1159 380 1331 448; x_wconf 90' lang='lat' dir='ltr'><strong>catholica</strong></span> <span class='ocrx_word' id='word_1_20' title='bbox 1355 403 1405 447; x_wconf 92' lang='lat' dir='ltr'><strong>sc·</strong></span> 
     </span>
    </p>
   </div>
   <div class='ocr_carea' id='block_1_2' title="bbox 293 487 1408 685">
    <p class='ocr_par' dir='ltr' id='par_1_2' title="bbox 293 487 1408 685">
     <span class='ocr_line' id='line_1_4' title="bbox 293 487 1407 578; baseline 0 -26"><span class='ocrx_word' id='word_1_21' title='bbox 293 487 519 574; x_wconf 87' lang='lat' dir='ltr'><strong>parationem,</strong></span> <span class='ocrx_word' id='word_1_22' title='bbox 538 487 680 572; x_wconf 87' lang='lat' dir='ltr'><strong>vixerit,</strong></span> <span class='ocrx_word' id='word_1_23' title='bbox 696 489 840 578; x_wconf 90' lang='lat' dir='ltr'><strong>ideoque</strong></span> <span class='ocrx_word' id='word_1_24' title='bbox 851 488 885 558; x_wconf 90' lang='lat' dir='ltr'>N</span> <span class='ocrx_word' id='word_1_25' title='bbox 887 487 1070 556; x_wconf 89' lang='lat' dir='ltr'><strong>estorianis</strong></span> <span class='ocrx_word' id='word_1_26' title='bbox 1085 487 1342 576; x_wconf 88' lang='lat' dir='ltr'><strong>acceptissimus</strong></span> <span class='ocrx_word' id='word_1_27' title='bbox 1367 508 1407 552; x_wconf 90' lang='lat' dir='ltr'><strong>ac</strong></span> 
     </span>
     <span class='ocr_line' id='line_1_5' title="bbox 294 593 1408 685; baseline 0.002 -25"><span class='ocrx_word' id='word_1_28' title='bbox 294 593 481 662; x_wconf 86' lang='lat' dir='ltr'><strong>nullimode</strong></span> <span class='ocrx_word' id='word_1_29' title='bbox 505 600 687 685; x_wconf 88' lang='lat' dir='ltr'><strong>suspectus</strong></span> <span class='ocrx_word' id='word_1_30' title='bbox 711 619 784 666; x_wconf 90' lang='lat' dir='ltr'><strong>esse</strong></span> <span class='ocrx_word' id='word_1_31' title='bbox 800 597 912 664; x_wconf 90' lang='lat' dir='ltr'><strong>debet:</strong></span> <span class='ocrx_word' id='word_1_32' title='bbox 930 597 960 664; x_wconf 86' lang='lat' dir='ltr'><strong>ai</strong></span> <span class='ocrx_word' id='word_1_33' title='bbox 985 597 1075 664; x_wconf 90' lang='lat' dir='ltr'><strong>enim</strong></span> <span class='ocrx_word' id='word_1_34' title='bbox 1098 596 1150 664; x_wconf 93' lang='lat' dir='ltr'><strong>ita</strong></span> <span class='ocrx_word' id='word_1_35' title='bbox 1173 601 1408 684; x_wconf 87' lang='lat' dir='ltr'><strong>agerem,tum</strong></span> 
     </span>
    </p>
   </div>
   <div class='ocr_carea' id='block_1_3' title="bbox 293 855 1509 1020">
    <p class='ocr_par' dir='ltr' id='par_1_3' title="bbox 293 855 1509 1020">
     <span class='ocr_line' id='line_1_6' title="bbox 293 855 1509 926; baseline 0 -18"><span class='ocrx_word' id='word_1_36' title='bbox 293 855 411 911; x_wconf 71' lang='lat' dir='ltr'><strong>ditando</strong></span> <span class='ocrx_word' id='word_1_37' title='bbox 430 862 459 910; x_wconf 93' lang='lat' dir='ltr'><strong>et</strong></span> <span class='ocrx_word' id='word_1_38' title='bbox 478 858 600 912; x_wconf 89' lang='lat' dir='ltr'><strong>docendo</strong></span> <span class='ocrx_word' id='word_1_39' title='bbox 620 859 729 925; x_wconf 77' lang='lat' dir='ltr'><strong>viginti</strong></span> <span class='ocrx_word' id='word_1_40' title='bbox 748 864 777 912; x_wconf 92' lang='lat' dir='ltr'><strong>et</strong></span> <span class='ocrx_word' id='word_1_41' title='bbox 796 860 922 926; x_wconf 88' lang='lat' dir='ltr'><strong>quinque</strong></span> <span class='ocrx_word' id='word_1_42' title='bbox 942 875 1049 924; x_wconf 72' lang='lat' dir='ltr'><strong>annos,</strong></span> <span class='ocrx_word' id='word_1_43' title='bbox 1074 862 1132 910; x_wconf 89' lang='lat' dir='ltr'><strong>tum</strong></span> <span class='ocrx_word' id='word_1_44' title='bbox 1161 859 1236 910; x_wconf 89' lang='lat' dir='ltr'><strong>cruci</strong></span> <span class='ocrx_word' id='word_1_45' title='bbox 1261 859 1325 910; x_wconf 82' lang='lat' dir='ltr'><strong>fixit</strong></span> <span class='ocrx_word' id='word_1_46' title='bbox 1344 874 1406 910; x_wconf 88' lang='lat' dir='ltr'><strong>cum</strong></span> <span class='ocrx_word' id='word_1_47' title='bbox 1508 917 1509 920; x_wconf 8' lang='grc' dir='ltr'><strong>Ἴ</strong></span> 
     </span>
     <span class='ocr_line' id='line_1_7' title="bbox 294 947 1509 1020; baseline 0 -21"><span class='ocrx_word' id='word_1_48' title='bbox 294 947 521 1014; x_wconf 80' lang='lat' dir='ltr'><strong>Gaesar,.capite</strong></span> <span class='ocrx_word' id='word_1_49' title='bbox 534 949 660 1015; x_wconf 81' lang='lat' dir='ltr'><strong>inverso,</strong></span> <span class='ocrx_word' id='word_1_50' title='bbox 682 948 727 1001; x_wconf 92' lang='lat' dir='ltr'><strong>die</strong></span> <span class='ocrx_word' id='word_1_51' title='bbox 742 949 785 1000; x_wconf 78' lang='lat'><strong>29.</strong></span> <span class='ocrx_word' id='word_1_52' title='bbox 797 949 887 1001; x_wconf 89' lang='lat' dir='ltr'><strong>Junii.</strong></span> <span class='ocrx_word' id='word_1_53' title='bbox 903 949 993 1000; x_wconf 91' lang='lat' dir='ltr'><strong>Porro&#39;</strong></span> <span class='ocrx_word' id='word_1_54' title='bbox 1010 949 1104 1000; x_wconf 91' lang='lat' dir='ltr'><strong>eadem</strong></span> <span class='ocrx_word' id='word_1_55' title='bbox 1123 948 1177 1014; x_wconf 90' lang='lat' dir='ltr'><strong>die,</strong></span> <span class='ocrx_word' id='word_1_56' title='bbox 1191 963 1246 1014; x_wconf 90' lang='lat' dir='ltr'><strong>qua</strong></span> <span class='ocrx_word' id='word_1_57' title='bbox 1258 948 1333 1000; x_wconf 91' lang='lat' dir='ltr'><strong>cruci</strong></span> <span class='ocrx_word' id='word_1_58' title='bbox 1347 948 1409 999; x_wconf 86' lang='lat' dir='ltr'><strong>fuit</strong></span> <span class='ocrx_word' id='word_1_59' title='bbox 1508 993 1509 1020; x_wconf 63' lang='lat'><strong>,</strong></span> 
     </span>
    </p>
   </div>
   <div class='ocr_carea' id='block_1_4' title="bbox 292 1037 1410 1821">
    <p class='ocr_par' dir='ltr' id='par_1_4' title="bbox 292 1037 1409 1194">
     <span class='ocr_line' id='line_1_8' title="bbox 293 1037 1409 1105; baseline -0.001 -17"><span class='ocrx_word' id='word_1_60' title='bbox 293 1039 395 1089; x_wconf 90' lang='lat' dir='ltr'><strong>Petrus</strong></span> <span class='ocrx_word' id='word_1_61' title='bbox 414 1039 521 1103; x_wconf 85' lang='lat' dir='ltr'><strong>affixus,</strong></span> <span class='ocrx_word' id='word_1_62' title='bbox 534 1038 682 1090; x_wconf 84' lang='lat' dir='ltr'><strong>interemit</strong></span> <span class='ocrx_word' id='word_1_63' title='bbox 700 1039 773 1090; x_wconf 81' lang='lat' dir='ltr'><strong>Nero</strong></span> <span class='ocrx_word' id='word_1_64' title='bbox 792 1040 909 1091; x_wconf 88' lang='lat' dir='ltr'><strong>Paulum</strong></span> <span class='ocrx_word' id='word_1_65' title='bbox 930 1054 1039 1105; x_wconf 89' lang='lat' dir='ltr'><strong>quoque</strong></span> <span class='ocrx_word' id='word_1_66' title='bbox 1059 1037 1164 1103; x_wconf 81' lang='lat' dir='ltr'><strong>gladio.</strong></span> <span class='ocrx_word' id='word_1_67' title='bbox 1179 1038 1237 1090; x_wconf 92' lang='lat' dir='ltr'><strong>Hac</strong></span> <span class='ocrx_word' id='word_1_68' title='bbox 1250 1038 1341 1102; x_wconf 81' lang='lat' dir='ltr'><strong>igitur</strong></span> <span class='ocrx_word' id='word_1_69' title='bbox 1361 1037 1409 1088; x_wconf 90' lang='lat' dir='ltr'><strong>die</strong></span> 
     </span>
     <span class='ocr_line' id='line_1_9' title="bbox 292 1128 967 1194; baseline -0.006 -16"><span class='ocrx_word' id='word_1_70' title='bbox 292 1128 324 1178; x_wconf 87' lang='lat' dir='ltr'><strong>fit</strong></span> <span class='ocrx_word' id='word_1_71' title='bbox 343 1128 565 1180; x_wconf 79' lang='lat' dir='ltr'><strong>commemoratio</strong></span> <span class='ocrx_word' id='word_1_72' title='bbox 584 1129 736 1194; x_wconf 90' lang='lat' dir='ltr'><strong>amborum,</strong></span> <span class='ocrx_word' id='word_1_73' title='bbox 758 1129 833 1179; x_wconf 91' lang='lat' dir='ltr'><strong>omni</strong></span> <span class='ocrx_word' id='word_1_74' title='bbox 853 1143 936 1180; x_wconf 87' lang='lat' dir='ltr'><strong>auno.</strong></span> <span class='ocrx_word' id='word_1_75' title='bbox 954 1148 967 1174; x_wconf 76' lang='lat' dir='ltr'><em>n</em></span> 
     </span>
    </p>

    <p class='ocr_par' dir='ltr' id='par_1_5' title="bbox 293 1215 1410 1821">
     <span class='ocr_line' id='line_1_10' title="bbox 364 1215 1408 1283; baseline -0.002 -15"><span class='ocrx_word' id='word_1_76' title='bbox 364 1217 482 1269; x_wconf 79' lang='lat' dir='ltr'><strong>Interim</strong></span> <span class='ocrx_word' id='word_1_77' title='bbox 516 1220 644 1282; x_wconf 86' lang='lat' dir='ltr'><strong>praestat</strong></span> <span class='ocrx_word' id='word_1_78' title='bbox 670 1216 917 1269; x_wconf 89' lang='lat' dir='ltr'><strong>animadvertere:</strong></span> <span class='ocrx_word' id='word_1_79' title='bbox 947 1216 1080 1283; x_wconf 89' lang='lat' dir='ltr'><strong>quosdam</strong></span> <span class='ocrx_word' id='word_1_80' title='bbox 1108 1233 1141 1268; x_wconf 89' lang='lat' dir='ltr'><strong>ex</strong></span> <span class='ocrx_word' id='word_1_81' title='bbox 1167 1215 1408 1281; x_wconf 82' lang='lat' dir='ltr'><strong>historiographis</strong></span> 
     </span>
     <span class='ocr_line' id='line_1_11' title="bbox 293 1301 1410 1378; baseline -0.003 -22"><span class='ocrx_word' id='word_1_82' title='bbox 293 1305 473 1358; x_wconf 81' lang='lat' dir='ltr'><strong>Nestorianis</strong></span> <span class='ocrx_word' id='word_1_83' title='bbox 488 1306 562 1358; x_wconf 90' lang='lat' dir='ltr'><strong>illud</strong></span> <span class='ocrx_word' id='word_1_84' title='bbox 575 1301 704 1378; x_wconf 87' lang='lat' dir='ltr'><strong>(1.Petr.</strong></span> <span class='ocrx_word' id='word_1_85' title='bbox 718 1323 741 1358; x_wconf 90' lang='lat' dir='ltr'><strong>c.</strong></span> <span class='ocrx_word' id='word_1_86' title='bbox 753 1301 917 1378; x_wconf 81' lang='lat' dir='ltr'><strong>5.)Salutot</strong></span> <span class='ocrx_word' id='word_1_87' title='bbox 930 1323 977 1356; x_wconf 85' lang='lat' dir='ltr'><strong>oce</strong></span> <span class='ocrx_word' id='word_1_88' title='bbox 989 1306 1116 1357; x_wconf 77' lang='lat' dir='ltr'><strong>Ecclesia</strong></span> <span class='ocrx_word' id='word_1_89' title='bbox 1128 1322 1198 1372; x_wconf 77' lang='lat' dir='ltr'><strong>qaae</strong></span> <span class='ocrx_word' id='word_1_90' title='bbox 1212 1313 1249 1355; x_wconf 79' lang='lat' dir='ltr'><strong>est</strong></span> <span class='ocrx_word' id='word_1_91' title='bbox 1261 1307 1410 1369; x_wconf 75' lang='lat' dir='ltr'><strong>Babylone</strong></span> 
     </span>
     <span class='ocr_line' id='line_1_12' title="bbox 294 1395 1409 1462; baseline -0.002 -16"><span class='ocrx_word' id='word_1_92' title='bbox 294 1395 451 1448; x_wconf 88' lang='lat' dir='ltr'><strong>literaliter</strong></span> <span class='ocrx_word' id='word_1_93' title='bbox 470 1395 503 1448; x_wconf 89' lang='lat' dir='ltr'><strong>de</strong></span> <span class='ocrx_word' id='word_1_94' title='bbox 523 1411 591 1449; x_wconf 88' lang='lat' dir='ltr'><strong>vera</strong></span> <span class='ocrx_word' id='word_1_95' title='bbox 621 1400 650 1448; x_wconf 91' lang='lat' dir='ltr'><strong>et</strong></span> <span class='ocrx_word' id='word_1_96' title='bbox 668 1397 783 1462; x_wconf 87' lang='lat' dir='ltr'><strong>proprie</strong></span> <span class='ocrx_word' id='word_1_97' title='bbox 802 1395 878 1447; x_wconf 91' lang='lat' dir='ltr'><strong>dicta</strong></span> <span class='ocrx_word' id='word_1_98' title='bbox 900 1395 1045 1460; x_wconf 87' lang='lat' dir='ltr'><strong>Babylone</strong></span> <span class='ocrx_word' id='word_1_99' title='bbox 1075 1395 1278 1447; x_wconf 72' lang='lat' dir='ltr'><strong>Chaldaeorum</strong></span> <span class='ocrx_word' id='word_1_100' title='bbox 1297 1395 1409 1446; x_wconf 87' lang='lat' dir='ltr'><strong>intelli-</strong></span> 
     </span>
     <span class='ocr_line' id='line_1_13' title="bbox 294 1479 1406 1557; baseline -0.002 -21"><span class='ocrx_word' id='word_1_101' title='bbox 294 1488 403 1551; x_wconf 81' lang='lat' dir='ltr'><strong>gentes,</strong></span> <span class='ocrx_word' id='word_1_102' title='bbox 424 1486 455 1536; x_wconf 90' lang='lat' dir='ltr'><strong>iu</strong></span> <span class='ocrx_word' id='word_1_103' title='bbox 478 1499 538 1538; x_wconf 85' lang='lat' dir='ltr'><strong>eam</strong></span> <span class='ocrx_word' id='word_1_104' title='bbox 557 1485 663 1537; x_wconf 85' lang='lat' dir='ltr'><strong>abiisse</strong></span> <span class='ocrx_word' id='word_1_105' title='bbox 685 1485 858 1538; x_wconf 85' lang='lat' dir='ltr'><strong>sententiam</strong></span> <span class='ocrx_word' id='word_1_106' title='bbox 876 1479 973 1557; x_wconf 86' lang='lat' dir='ltr'><strong>(quarn</strong></span> <span class='ocrx_word' id='word_1_107' title='bbox 992 1500 1006 1536; x_wconf 89' lang='lat' dir='ltr'><strong>e</strong></span> <span class='ocrx_word' id='word_1_108' title='bbox 1023 1485 1247 1549; x_wconf 82' lang='lat' dir='ltr'><strong>Recentioribus,</strong></span> <span class='ocrx_word' id='word_1_109' title='bbox 1262 1485 1406 1548; x_wconf 83' lang='lat' dir='ltr'><strong>Erasmus,</strong></span> 
     </span>
     <span class='ocr_line' id='line_1_14' title="bbox 293 1569 1409 1644; baseline -0.001 -19"><span class='ocrx_word' id='word_1_110' title='bbox 293 1573 453 1640; x_wconf 83' lang='lat' dir='ltr'><strong>Basuagius</strong></span> <span class='ocrx_word' id='word_1_111' title='bbox 472 1576 590 1642; x_wconf 89' lang='lat' dir='ltr'><strong>aliique,</strong></span> <span class='ocrx_word' id='word_1_112' title='bbox 612 1574 727 1628; x_wconf 85' lang='lat' dir='ltr'><strong>diverso</strong></span> <span class='ocrx_word' id='word_1_113' title='bbox 748 1578 842 1626; x_wconf 86' lang='lat' dir='ltr'><strong>tamen</strong></span> <span class='ocrx_word' id='word_1_114' title='bbox 861 1574 926 1639; x_wconf 85' lang='lat' dir='ltr'><strong>fine,</strong></span> <span class='ocrx_word' id='word_1_115' title='bbox 941 1570 1078 1644; x_wconf 85' lang='lat' dir='ltr'><strong>tenuere),</strong></span> <span class='ocrx_word' id='word_1_116' title='bbox 1100 1569 1132 1626; x_wconf 86' lang='lat' dir='ltr'><strong>ut</strong></span> <span class='ocrx_word' id='word_1_117' title='bbox 1155 1574 1300 1626; x_wconf 88' lang='lat' dir='ltr'><strong>memoriae</strong></span> <span class='ocrx_word' id='word_1_118' title='bbox 1314 1571 1409 1639; x_wconf 90' lang='lat' dir='ltr'><strong>prodi-</strong></span> 
     </span>
     <span class='ocr_line' id='line_1_15' title="bbox 296 1662 1406 1742; baseline -0.001 -28"><span class='ocrx_word' id='word_1_119' title='bbox 296 1663 401 1716; x_wconf 83' lang='lat' dir='ltr'><strong>derint:</strong></span> <span class='ocrx_word' id='word_1_120' title='bbox 421 1665 454 1717; x_wconf 89' lang='lat' dir='ltr'><strong>B.</strong></span> <span class='ocrx_word' id='word_1_121' title='bbox 469 1666 583 1742; x_wconf 71' lang='lat' dir='ltr'><strong>Petrpm</strong></span> <span class='ocrx_word' id='word_1_122' title='bbox 602 1666 633 1716; x_wconf 92' lang='lat' dir='ltr'><strong>in</strong></span> <span class='ocrx_word' id='word_1_123' title='bbox 652 1665 809 1716; x_wconf 86' lang='lat' dir='ltr'><strong>intervallo</strong></span> <span class='ocrx_word' id='word_1_124' title='bbox 831 1665 883 1716; x_wconf 93' lang='lat' dir='ltr'><strong>illo</strong></span> <span class='ocrx_word' id='word_1_125' title='bbox 903 1662 947 1713; x_wconf 79' lang='lat'><strong>25.</strong></span> <span class='ocrx_word' id='word_1_126' title='bbox 963 1662 1049 1714; x_wconf 82' lang='lat' dir='ltr'><strong>ferme</strong></span> <span class='ocrx_word' id='word_1_127' title='bbox 1063 1679 1208 1729; x_wconf 88' lang='lat' dir='ltr'><strong>annorum,</strong></span> <span class='ocrx_word' id='word_1_128' title='bbox 1224 1663 1327 1728; x_wconf 85' lang='lat' dir='ltr'><strong>quibus</strong></span> <span class='ocrx_word' id='word_1_129' title='bbox 1340 1663 1406 1728; x_wconf 83' lang='lat' dir='ltr'><strong>Epi·</strong></span> 
     </span>
     <span class='ocr_line' id='line_1_16' title="bbox 294 1751 1407 1821; baseline -0.002 -17"><span class='ocrx_word' id='word_1_130' title='bbox 294 1758 438 1821; x_wconf 90' lang='lat' dir='ltr'><strong>scopatum</strong></span> <span class='ocrx_word' id='word_1_131' title='bbox 457 1756 612 1808; x_wconf 85' lang='lat' dir='ltr'><strong>Romanum</strong></span> <span class='ocrx_word' id='word_1_132' title='bbox 631 1755 737 1818; x_wconf 82' lang='lat' dir='ltr'><strong>gessit,</strong></span> <span class='ocrx_word' id='word_1_133' title='bbox 758 1754 815 1805; x_wconf 92' lang='lat' dir='ltr'><strong>iter</strong></span> <span class='ocrx_word' id='word_1_134' title='bbox 834 1753 935 1805; x_wconf 81' lang='lat' dir='ltr'><strong>iecisse</strong></span> <span class='ocrx_word' id='word_1_135' title='bbox 954 1752 985 1803; x_wconf 90' lang='lat' dir='ltr'><strong>in</strong></span> <span class='ocrx_word' id='word_1_136' title='bbox 1004 1752 1163 1819; x_wconf 88' lang='lat' dir='ltr'><strong>Orientem,</strong></span> <span class='ocrx_word' id='word_1_137' title='bbox 1185 1755 1214 1804; x_wconf 88' lang='lat' dir='ltr'><strong>et</strong></span> <span class='ocrx_word' id='word_1_138' title='bbox 1232 1767 1327 1803; x_wconf 87' lang='lat' dir='ltr'><strong>omnes</strong></span> <span class='ocrx_word' id='word_1_139' title='bbox 1346 1751 1407 1802; x_wconf 82' lang='lat' dir='ltr'><strong>fere</strong></span> 
     </span>
    </p>
   </div>
   <div class='ocr_carea' id='block_1_5' title="bbox 294 1835 1509 2010">
    <p class='ocr_par' dir='ltr' id='par_1_6' title="bbox 294 1835 1509 2010">
     <span class='ocr_line' id='line_1_17' title="bbox 295 1835 1509 1912; baseline -0.002 -20"><span class='ocrx_word' id='word_1_140' title='bbox 295 1857 383 1897; x_wconf 88' lang='lat' dir='ltr'><strong>novas</strong></span> <span class='ocrx_word' id='word_1_141' title='bbox 397 1843 502 1897; x_wconf 89' lang='lat' dir='ltr'><strong>ibidem</strong></span> <span class='ocrx_word' id='word_1_142' title='bbox 515 1845 657 1898; x_wconf 82' lang='lat' dir='ltr'><strong>Ecclesiae</strong></span> <span class='ocrx_word' id='word_1_143' title='bbox 676 1842 823 1896; x_wconf 77' lang='lat' dir='ltr'><strong>visitando</strong></span> <span class='ocrx_word' id='word_1_144' title='bbox 842 1837 930 1911; x_wconf 87' lang='lat' dir='ltr'><strong>(certe</strong></span> <span class='ocrx_word' id='word_1_145' title='bbox 945 1841 988 1893; x_wconf 93' lang='lat' dir='ltr'><strong>uti</strong></span> <span class='ocrx_word' id='word_1_146' title='bbox 1000 1842 1089 1894; x_wconf 89' lang='lat' dir='ltr'><strong>totius</strong></span> <span class='ocrx_word' id='word_1_147' title='bbox 1099 1843 1240 1894; x_wconf 84' lang='lat' dir='ltr'><strong>Ecclesiae</strong></span> <span class='ocrx_word' id='word_1_148' title='bbox 1250 1835 1409 1912; x_wconf 84' lang='lat' dir='ltr'><strong>Pastorem)</strong></span> <span class='ocrx_word' id='word_1_149' title='bbox 1508 1843 1509 1898; x_wconf 75' lang='lat' dir='ltr'>j</span> 
     </span>
     <span class='ocr_line' id='line_1_18' title="bbox 294 1930 1509 2010; baseline -0.004 -26"><span class='ocrx_word' id='word_1_150' title='bbox 294 1933 467 2000; x_wconf 85' lang='lat' dir='ltr'><strong>Babylonem</strong></span> <span class='ocrx_word' id='word_1_151' title='bbox 486 1950 595 2001; x_wconf 89' lang='lat' dir='ltr'><strong>quoque</strong></span> <span class='ocrx_word' id='word_1_152' title='bbox 614 1934 742 2000; x_wconf 89' lang='lat' dir='ltr'><strong>petiisse,</strong></span> <span class='ocrx_word' id='word_1_153' title='bbox 758 1931 865 1983; x_wconf 86' lang='lat' dir='ltr'><strong>atinde</strong></span> <span class='ocrx_word' id='word_1_154' title='bbox 881 1947 958 1984; x_wconf 89' lang='lat' dir='ltr'><strong>suam</strong></span> <span class='ocrx_word' id='word_1_155' title='bbox 972 1932 1052 1983; x_wconf 90' lang='lat' dir='ltr'><strong>illam</strong></span> <span class='ocrx_word' id='word_1_156' title='bbox 1072 1931 1219 1998; x_wconf 82' lang='lat' dir='ltr'><strong>scripsisse</strong></span> <span class='ocrx_word' id='word_1_157' title='bbox 1237 1930 1408 1996; x_wconf 83' lang='lat' dir='ltr'><strong>Epistolam.</strong></span> <span class='ocrx_word' id='word_1_158' title='bbox 1508 1971 1509 2010; x_wconf 30' lang='grc' dir='ltr'><strong>ἶ</strong></span> 
     </span>
    </p>
   </div>
   <div class='ocr_carea' id='block_1_6' title="bbox 294 2019 1411 2448">
    <p class='ocr_par' dir='ltr' id='par_1_7' title="bbox 294 2019 1411 2448">
     <span class='ocr_line' id='line_1_19' title="bbox 294 2019 1411 2091; baseline -0.004 -17"><span class='ocrx_word' id='word_1_159' title='bbox 294 2023 312 2074; x_wconf 88' lang='lat' dir='ltr'><strong>J</strong></span> <span class='ocrx_word' id='word_1_160' title='bbox 314 2040 435 2090; x_wconf 84' lang='lat' dir='ltr'><strong>amrero,</strong></span> <span class='ocrx_word' id='word_1_161' title='bbox 452 2023 592 2091; x_wconf 89' lang='lat' dir='ltr'><strong>quidquid</strong></span> <span class='ocrx_word' id='word_1_162' title='bbox 604 2024 645 2076; x_wconf 91' lang='lat' dir='ltr'><strong>sit</strong></span> <span class='ocrx_word' id='word_1_163' title='bbox 658 2022 692 2075; x_wconf 91' lang='lat' dir='ltr'><strong>de</strong></span> <span class='ocrx_word' id='word_1_164' title='bbox 711 2020 874 2088; x_wconf 88' lang='lat' dir='ltr'><strong>hujusmodi</strong></span> <span class='ocrx_word' id='word_1_165' title='bbox 888 2021 1048 2086; x_wconf 89' lang='lat' dir='ltr'><strong>sententia,</strong></span> <span class='ocrx_word' id='word_1_166' title='bbox 1065 2037 1120 2087; x_wconf 87' lang='lat' dir='ltr'><strong>qua</strong></span> <span class='ocrx_word' id='word_1_167' title='bbox 1133 2019 1269 2074; x_wconf 74' lang='lat' dir='ltr'><strong>Chaldaei</strong></span> <span class='ocrx_word' id='word_1_168' title='bbox 1283 2019 1411 2083; x_wconf 84' lang='lat' dir='ltr'><strong>glorian.</strong></span> 
     </span>
     <span class='ocr_line' id='line_1_20' title="bbox 296 2107 1411 2177; baseline -0.004 -14"><span class='ocrx_word' id='word_1_169' title='bbox 296 2116 341 2164; x_wconf 89' lang='lat' dir='ltr'><strong>tur</strong></span> <span class='ocrx_word' id='word_1_170' title='bbox 360 2117 389 2164; x_wconf 87' lang='lat' dir='ltr'><strong>et</strong></span> <span class='ocrx_word' id='word_1_171' title='bbox 407 2115 521 2165; x_wconf 80' lang='lat' dir='ltr'><strong>Petrum</strong></span> <span class='ocrx_word' id='word_1_172' title='bbox 539 2127 702 2165; x_wconf 82' lang='lat' dir='ltr'><strong>enumerare</strong></span> <span class='ocrx_word' id='word_1_173' title='bbox 721 2111 799 2162; x_wconf 89' lang='lat' dir='ltr'><strong>inter</strong></span> <span class='ocrx_word' id='word_1_174' title='bbox 812 2125 877 2162; x_wconf 88' lang='lat' dir='ltr'><strong>suos</strong></span> <span class='ocrx_word' id='word_1_175' title='bbox 890 2111 996 2177; x_wconf 89' lang='lat' dir='ltr'><strong>primos</strong></span> <span class='ocrx_word' id='word_1_176' title='bbox 1014 2109 1179 2176; x_wconf 85' lang='lat' dir='ltr'><strong>Apostolos,</strong></span> <span class='ocrx_word' id='word_1_177' title='bbox 1194 2108 1268 2162; x_wconf 91' lang='lat' dir='ltr'><strong>illud</strong></span> <span class='ocrx_word' id='word_1_178' title='bbox 1283 2111 1327 2160; x_wconf 89' lang='lat' dir='ltr'><strong>est</strong></span> <span class='ocrx_word' id='word_1_179' title='bbox 1346 2107 1411 2159; x_wconf 89' lang='lat' dir='ltr'><strong>heic</strong></span> 
     </span>
     <span class='ocr_line' id='line_1_21' title="bbox 294 2199 1408 2270; baseline -0.002 -19"><span class='ocrx_word' id='word_1_180' title='bbox 294 2201 392 2255; x_wconf 89' lang='lat' dir='ltr'><strong>sedulo</strong></span> <span class='ocrx_word' id='word_1_181' title='bbox 419 2202 648 2270; x_wconf 89' lang='lat' dir='ltr'><strong>perpendendum</strong></span> <span class='ocrx_word' id='word_1_182' title='bbox 676 2204 705 2252; x_wconf 91' lang='lat' dir='ltr'><strong>ct</strong></span> <span class='ocrx_word' id='word_1_183' title='bbox 724 2199 895 2265; x_wconf 81' lang='lat' dir='ltr'><strong>urgendum:</strong></span> <span class='ocrx_word' id='word_1_184' title='bbox 917 2200 1028 2252; x_wconf 90' lang='lat' dir='ltr'><strong>eosdem</strong></span> <span class='ocrx_word' id='word_1_185' title='bbox 1056 2199 1212 2266; x_wconf 85' lang='lat' dir='ltr'><strong>Scriptores</strong></span> <span class='ocrx_word' id='word_1_186' title='bbox 1240 2199 1408 2263; x_wconf 81' lang='lat' dir='ltr'><strong>Nostrates,</strong></span> 
     </span>
     <span class='ocr_line' id='line_1_22' title="bbox 295 2275 1409 2358; baseline 0 -18"><span class='ocrx_word' id='word_1_187' title='bbox 295 2291 344 2355; x_wconf 88' lang='lat' dir='ltr'><strong>qui</strong></span> <span class='ocrx_word' id='word_1_188' title='bbox 363 2291 414 2344; x_wconf 92' lang='lat' dir='ltr'><strong>hoc</strong></span> <span class='ocrx_word' id='word_1_189' title='bbox 433 2293 568 2358; x_wconf 89' lang='lat' dir='ltr'><strong>tradunt,</strong></span> <span class='ocrx_word' id='word_1_190' title='bbox 590 2275 682 2358; x_wconf 88' lang='lat' dir='ltr'><strong>ipsos,</strong></span> <span class='ocrx_word' id='word_1_191' title='bbox 705 2290 799 2342; x_wconf 91' lang='lat' dir='ltr'><strong>eodem</strong></span> <span class='ocrx_word' id='word_1_192' title='bbox 818 2293 942 2356; x_wconf 89' lang='lat' dir='ltr'><strong>tempore</strong></span> <span class='ocrx_word' id='word_1_193' title='bbox 963 2293 992 2342; x_wconf 90' lang='lat' dir='ltr'><strong>et</strong></span> <span class='ocrx_word' id='word_1_194' title='bbox 1004 2291 1073 2355; x_wconf 88' lang='lat' dir='ltr'><strong>loco,</strong></span> <span class='ocrx_word' id='word_1_195' title='bbox 1090 2289 1269 2356; x_wconf 82' lang='lat' dir='ltr'><strong>subjungere:</strong></span> <span class='ocrx_word' id='word_1_196' title='bbox 1292 2289 1409 2340; x_wconf 90' lang='lat' dir='ltr'><strong>Petrum</strong></span> 
     </span>
     <span class='ocr_line' id='line_1_23' title="bbox 294 2379 1410 2448; baseline 0 -18"><span class='ocrx_word' id='word_1_197' title='bbox 294 2379 439 2444; x_wconf 88' lang='lat' dir='ltr'><strong>Babylone</strong></span> <span class='ocrx_word' id='word_1_198' title='bbox 459 2383 574 2448; x_wconf 88' lang='lat' dir='ltr'><strong>relicta,</strong></span> <span class='ocrx_word' id='word_1_199' title='bbox 596 2382 652 2433; x_wconf 93' lang='lat' dir='ltr'><strong>cito</strong></span> <span class='ocrx_word' id='word_1_200' title='bbox 678 2381 793 2432; x_wconf 82' lang='lat' dir='ltr'><strong>Romam</strong></span> <span class='ocrx_word' id='word_1_201' title='bbox 820 2394 996 2446; x_wconf 81' lang='lat' dir='ltr'><strong>regressum,</strong></span> <span class='ocrx_word' id='word_1_202' title='bbox 1018 2379 1116 2445; x_wconf 88' lang='lat' dir='ltr'><strong>ibique</strong></span> <span class='ocrx_word' id='word_1_203' title='bbox 1141 2381 1294 2430; x_wconf 89' lang='lat' dir='ltr'><strong>morantem</strong></span> <span class='ocrx_word' id='word_1_204' title='bbox 1319 2394 1410 2444; x_wconf 88' lang='lat' dir='ltr'><strong>usquc</strong></span> 
     </span>
    </p>
   </div>
   <div class='ocr_carea' id='block_1_7' title="bbox 295 2459 1509 2536">
    <p class='ocr_par' dir='ltr' id='par_1_8' title="bbox 295 2459 1509 2536">
     <span class='ocr_line' id='line_1_24' title="bbox 295 2459 1509 2536; baseline -0.002 -16"><span class='ocrx_word' id='word_1_205' title='bbox 295 2469 330 2520; x_wconf 89' lang='lat' dir='ltr'><strong>ad</strong></span> <span class='ocrx_word' id='word_1_206' title='bbox 349 2469 441 2536; x_wconf 90' lang='lat' dir='ltr'><strong>flnem,</strong></span> <span class='ocrx_word' id='word_1_207' title='bbox 457 2471 563 2524; x_wconf 91' lang='lat' dir='ltr'><strong>demum</strong></span> <span class='ocrx_word' id='word_1_208' title='bbox 577 2470 744 2535; x_wconf 89' lang='lat' dir='ltr'><strong>martyrium</strong></span> <span class='ocrx_word' id='word_1_209' title='bbox 758 2469 890 2521; x_wconf 88' lang='lat' dir='ltr'><strong>subiisse.</strong></span> <span class='ocrx_word' id='word_1_210' title='bbox 911 2468 966 2533; x_wconf 85' lang='lat' dir='ltr'><strong>Sic,</strong></span> <span class='ocrx_word' id='word_1_211' title='bbox 981 2468 1185 2534; x_wconf 88' lang='lat' dir='ltr'><strong>interceteros,</strong></span> <span class='ocrx_word' id='word_1_212' title='bbox 1202 2467 1281 2520; x_wconf 91' lang='lat' dir='ltr'><strong>modo</strong></span> <span class='ocrx_word' id='word_1_213' title='bbox 1295 2468 1411 2521; x_wconf 89' lang='lat' dir='ltr'><strong>laudati</strong></span> <span class='ocrx_word' id='word_1_214' title='bbox 1508 2459 1509 2462; x_wconf 59' lang='grc'>’</span> 
     </span>
    </p>
   </div>
   <div class='ocr_carea' id='block_1_8' title="bbox 254 2557 1408 2818">
    <p class='ocr_par' dir='ltr' id='par_1_9' title="bbox 254 2557 1408 2818">
     <span class='ocr_line' id='line_1_25' title="bbox 293 2557 1380 2627; baseline -0.002 -15"><span class='ocrx_word' id='word_1_215' title='bbox 293 2560 444 2627; x_wconf 83' lang='lat' dir='ltr'><strong>Jesujabus</strong></span> <span class='ocrx_word' id='word_1_216' title='bbox 463 2561 617 2614; x_wconf 83' lang='lat' dir='ltr'><strong>Nisibenus</strong></span> <span class='ocrx_word' id='word_1_217' title='bbox 635 2559 827 2624; x_wconf 76' lang='lat' dir='ltr'><strong>Metropolita,</strong></span> <span class='ocrx_word' id='word_1_218' title='bbox 849 2561 878 2610; x_wconf 91' lang='lat' dir='ltr'><strong>et</strong></span> <span class='ocrx_word' id='word_1_219' title='bbox 890 2557 1113 2610; x_wconf 80' lang='lat' dir='ltr'><strong>Pseudo-Annus</strong></span> <span class='ocrx_word' id='word_1_220' title='bbox 1132 2558 1270 2610; x_wconf 84' lang='lat' dir='ltr'><strong>Matthaei</strong></span> <span class='ocrx_word' id='word_1_221' title='bbox 1289 2558 1380 2610; x_wconf 86' lang='lat' dir='ltr'><strong>filius.</strong></span> 
     </span>
     <span class='ocr_line' id='line_1_26' title="bbox 254 2647 1408 2730; baseline -0.004 -27"><span class='ocrx_word' id='word_1_222' title='bbox 254 2723 256 2730; x_wconf 47' lang='lat'><strong>,</strong></span> <span class='ocrx_word' id='word_1_223' title='bbox 365 2651 415 2702; x_wconf 86' lang='lat' dir='ltr'><strong>VI.</strong></span> <span class='ocrx_word' id='word_1_224' title='bbox 435 2650 556 2702; x_wconf 85' lang='lat' dir='ltr'><strong>Accedat</strong></span> <span class='ocrx_word' id='word_1_225' title='bbox 573 2651 690 2714; x_wconf 91' lang='lat' dir='ltr'><strong>ultimo,</strong></span> <span class='ocrx_word' id='word_1_226' title='bbox 714 2648 863 2712; x_wconf 78' lang='lat' dir='ltr'><strong>analogiae</strong></span> <span class='ocrx_word' id='word_1_227' title='bbox 886 2648 981 2712; x_wconf 78' lang='lat' dir='ltr'><strong>gratia</strong></span> <span class='ocrx_word' id='word_1_228' title='bbox 993 2687 999 2714; x_wconf 89' lang='lat'><strong>,</strong></span> <span class='ocrx_word' id='word_1_229' title='bbox 1021 2648 1106 2700; x_wconf 89' lang='lat' dir='ltr'><strong>unius</strong></span> <span class='ocrx_word' id='word_1_230' title='bbox 1133 2647 1408 2718; x_wconf 82' lang='lat' dir='ltr'><strong>ciiohammedanis</strong></span> 
     </span>
     <span class='ocr_line' id='line_1_27' title="bbox 295 2735 1408 2818; baseline -0.003 -29"><span class='ocrx_word' id='word_1_231' title='bbox 295 2737 546 2807; x_wconf 74' lang='lat' dir='ltr'><strong>historiographis,</strong></span> <span class='ocrx_word' id='word_1_232' title='bbox 568 2742 596 2791; x_wconf 93' lang='lat' dir='ltr'><strong>et</strong></span> <span class='ocrx_word' id='word_1_233' title='bbox 615 2738 910 2818; x_wconf 28' lang='lat' dir='ltr'><strong>quidemlceterorum,</strong></span> <span class='ocrx_word' id='word_1_234' title='bbox 932 2735 1005 2803; x_wconf 90' lang='lat' dir='ltr'><strong>quod</strong></span> <span class='ocrx_word' id='word_1_235' title='bbox 1025 2753 1074 2800; x_wconf 81' lang='lat' dir='ltr'><strong>ego</strong></span> <span class='ocrx_word' id='word_1_236' title='bbox 1089 2737 1183 2804; x_wconf 89' lang='lat' dir='ltr'><strong>sciam,</strong></span> <span class='ocrx_word' id='word_1_237' title='bbox 1200 2736 1408 2802; x_wconf 89' lang='lat' dir='ltr'><strong>antiquissimi,</strong></span> 
     </span>
    </p>
   </div>
   <div class='ocr_carea' id='block_1_9' title="bbox 295 2825 1409 2892">
    <p class='ocr_par' dir='ltr' id='par_1_10' title="bbox 295 2819 1509 2902">
     <span class='ocr_line' id='line_1_28' title="bbox 295 2825 1409 2892; baseline -0.002 -14"><span class='ocrx_word' id='word_1_238' title='bbox 295 2842 351 2892; x_wconf 89' lang='lat' dir='ltr'><strong>qua</strong></span> <span class='ocrx_word' id='word_1_239' title='bbox 371 2831 464 2880; x_wconf 91' lang='lat' dir='ltr'><strong>aetate</strong></span> <span class='ocrx_word' id='word_1_240' title='bbox 483 2829 534 2880; x_wconf 92' lang='lat' dir='ltr'><strong>isti</strong></span> <span class='ocrx_word' id='word_1_241' title='bbox 555 2829 787 2881; x_wconf 82' lang='lat' dir='ltr'><strong>Nestorianorum</strong></span> <span class='ocrx_word' id='word_1_242' title='bbox 807 2827 904 2878; x_wconf 88' lang='lat' dir='ltr'><strong>intimi</strong></span> <span class='ocrx_word' id='word_1_243' title='bbox 923 2830 952 2878; x_wconf 95' lang='lat' dir='ltr'><strong>et</strong></span> <span class='ocrx_word' id='word_1_244' title='bbox 971 2825 1158 2878; x_wconf 87' lang='lat' dir='ltr'><strong>admiratores</strong></span> <span class='ocrx_word' id='word_1_245' title='bbox 1177 2825 1265 2890; x_wconf 86' lang='lat' dir='ltr'><strong>fuere,</strong></span> <span class='ocrx_word' id='word_1_246' title='bbox 1281 2825 1409 2876; x_wconf 89' lang='lat' dir='ltr'><strong>testimo·</strong></span> 
     </span>
    </p>
   </div>
   <div class='ocr_carea' id='block_1_10' title="bbox 295 2913 1410 2981">
    <p class='ocr_par' dir='ltr' id='par_1_11' title="bbox 295 2913 1410 2981">
     <span class='ocr_line' id='line_1_29' title="bbox 295 2913 1410 2981; baseline 0 -15"><span class='ocrx_word' id='word_1_247' title='bbox 295 2916 382 2968; x_wconf 89' lang='lat' dir='ltr'><strong>nium.</strong></span> <span class='ocrx_word' id='word_1_248' title='bbox 402 2917 611 2970; x_wconf 72' lang='lat' dir='ltr'><strong>ill-Masaudius</strong></span> <span class='ocrx_word' id='word_1_249' title='bbox 630 2917 660 2968; x_wconf 92' lang='lat' dir='ltr'><strong>in</strong></span> <span class='ocrx_word' id='word_1_250' title='bbox 681 2918 756 2970; x_wconf 90' lang='lat' dir='ltr'><strong>libro</strong></span> <span class='ocrx_word' id='word_1_251' title='bbox 775 2915 915 2981; x_wconf 87' lang='lat' dir='ltr'><strong>inscripto</strong></span> <span class='ocrx_word' id='word_1_252' title='bbox 937 2918 1048 2967; x_wconf 70' lang='lat' dir='ltr'><strong>«Prata</strong></span> <span class='ocrx_word' id='word_1_253' title='bbox 1066 2914 1138 2967; x_wconf 84' lang='lat' dir='ltr'><strong>Auri</strong></span> <span class='ocrx_word' id='word_1_254' title='bbox 1151 2917 1180 2966; x_wconf 90' lang='lat' dir='ltr'><strong>et</strong></span> <span class='ocrx_word' id='word_1_255' title='bbox 1193 2913 1318 2966; x_wconf 73' lang='lat' dir='ltr'><strong>Fodinae</strong></span> <span class='ocrx_word' id='word_1_256' title='bbox 1330 2914 1410 2966; x_wconf 79' lang='lat' dir='ltr'><strong>Gem-</strong></span> 
     </span>
    </p>
   </div>
   <div class='ocr_carea' id='block_1_11' title="bbox 778 3021 1509 3120">
    <p class='ocr_par' dir='ltr' id='par_1_12' title="bbox 778 3021 1509 3120">
     <span class='ocr_line' id='line_1_30' title="bbox 778 3021 1509 3120; baseline -0.003 -35"><span class='ocrx_word' id='word_1_257' title='bbox 778 3029 784 3039; x_wconf 82' lang='lat'>&#39;</span> <span class='ocrx_word' id='word_1_258' title='bbox 858 3060 921 3120; x_wconf 58' lang='lat' dir='ltr'><strong>df</strong></span> <span class='ocrx_word' id='word_1_259' title='bbox 936 3047 1003 3085; x_wconf 87' lang='lat' dir='ltr'><strong>vera</strong></span> <span class='ocrx_word' id='word_1_260' title='bbox 1023 3033 1120 3098; x_wconf 82' lang='lat' dir='ltr'><strong>falsis,</strong></span> <span class='ocrx_word' id='word_1_261' title='bbox 1142 3031 1176 3083; x_wconf 91' lang='lat' dir='ltr'><strong>de</strong></span> <span class='ocrx_word' id='word_1_262' title='bbox 1195 3047 1279 3097; x_wconf 91' lang='lat' dir='ltr'><strong>more,</strong></span> <span class='ocrx_word' id='word_1_263' title='bbox 1300 3032 1411 3084; x_wconf 87' lang='lat' dir='ltr'><strong>commi·</strong></span> <span class='ocrx_word' id='word_1_264' title='bbox 1508 3021 1509 3074; x_wconf 62' lang='grc' dir='ltr'>ἶ</span> 
     </span>
    </p>
   </div>
   <div class='ocr_carea' id='block_1_12' title="bbox 294 3184 1509 4090">
    <p class='ocr_par' dir='ltr' id='par_1_13' title="bbox 295 3148 1509 3703">
     <span class='ocr_line' id='line_1_31' title="bbox 297 3184 949 3317; baseline -0.041 -55"><span class='ocrx_word' id='word_1_265' title='bbox 297 3216 384 3268; x_wconf 80' lang='lat' dir='ltr'><strong>sons,</strong></span> <span class='ocrx_word' id='word_1_266' title='bbox 406 3202 520 3256; x_wconf 72' lang='lat' dir='ltr'><strong>serrare:</strong></span> <span class='ocrx_word' id='word_1_267' title='bbox 561 3184 643 3264; x_wconf 55' lang='lat' dir='ltr'><strong>ml,</strong></span> <span class='ocrx_word' id='word_1_268' title='bbox 673 3183 788 3317; x_wconf 46' lang='lat' dir='ltr'><strong>(m</strong></span> <span class='ocrx_word' id='word_1_269' title='bbox 818 3209 828 3220; x_wconf 92' lang='lat'><strong>··</strong></span> <span class='ocrx_word' id='word_1_270' title='bbox 938 3212 949 3224; x_wconf 80' lang='lat'><strong>··</strong></span> 
     </span>
     <span class='ocr_line' id='line_1_32' title="bbox 295 3355 1509 3512; baseline -0.039 -42"><span class='ocrx_word' id='word_1_271' title='bbox 295 3368 717 3512; x_wconf 43' lang='lat' dir='ltr'><strong>tillemontii</strong></span> <span class='ocrx_word' id='word_1_272' title='bbox 742 3378 957 3476; x_wconf 50' lang='lat' dir='ltr'><strong>timim</strong></span> <span class='ocrx_word' id='word_1_273' title='bbox 979 3397 1034 3448; x_wconf 64' lang='lat' dir='ltr'><strong>aaa</strong></span> <span class='ocrx_word' id='word_1_274' title='bbox 1056 3397 1132 3474; x_wconf 49' lang='lat' dir='ltr'><strong>or*</strong></span> <span class='ocrx_word' id='word_1_275' title='bbox 1156 3377 1229 3480; x_wconf 53' lang='lat' dir='ltr'><strong>&amp;t</strong></span> <span class='ocrx_word' id='word_1_276' title='bbox 1252 3368 1410 3476; x_wconf 48' lang='lat' dir='ltr'><strong>wey&amp;</strong></span> <span class='ocrx_word' id='word_1_277' title='bbox 1508 3355 1509 3394; x_wconf 69' lang='lat'><em>³</em></span> 
     </span>
     <span class='ocr_line' id='line_1_33' title="bbox 295 3552 1410 3703; baseline -0.039 10"><span class='ocrx_word' id='word_1_278' title='bbox 295 3565 383 3663; x_wconf 44' lang='grc' dir='ltr'><em>Ν</em></span> <span class='ocrx_word' id='word_1_279' title='bbox 405 3570 484 3668; x_wconf 54' lang='lat'><strong>³0³³</strong></span> <span class='ocrx_word' id='word_1_280' title='bbox 503 3633 510 3648; x_wconf 95' lang='lat'><strong>·</strong></span> <span class='ocrx_word' id='word_1_281' title='bbox 529 3567 675 3703; x_wconf 42' lang='lat' dir='ltr'><strong>,aar</strong></span> <span class='ocrx_word' id='word_1_282' title='bbox 701 3566 790 3696; x_wconf 50' lang='lat' dir='ltr'><strong>,aa</strong></span> <span class='ocrx_word' id='word_1_283' title='bbox 812 3573 898 3695; x_wconf 59' lang='lat' dir='ltr'><strong>ed</strong></span> <span class='ocrx_word' id='word_1_284' title='bbox 920 3569 1020 3694; x_wconf 49' lang='lat' dir='ltr'><strong>{bet</strong></span> <span class='ocrx_word' id='word_1_285' title='bbox 1041 3552 1174 3670; x_wconf 53' lang='lat' dir='ltr'><strong>etad</strong></span> <span class='ocrx_word' id='word_1_286' title='bbox 1196 3572 1263 3668; x_wconf 66' lang='lat' dir='ltr'><strong>ys</strong></span> <span class='ocrx_word' id='word_1_287' title='bbox 1285 3584 1313 3668; x_wconf 72' lang='lat' dir='ltr'><strong>s</strong></span> <span class='ocrx_word' id='word_1_288' title='bbox 1336 3587 1410 3693; x_wconf 55' lang='lat' dir='ltr'><strong>ge</strong></span> 
     </span>
    </p>

    <p class='ocr_par' dir='ltr' id='par_1_14' title="bbox 294 3723 1509 4090">
     <span class='ocr_line' id='line_1_34' title="bbox 350 3723 1509 3886; baseline -0.044 -2"><span class='ocrx_word' id='word_1_289' title='bbox 350 3841 353 3846; x_wconf 95' lang='lat'>·</span> <span class='ocrx_word' id='word_1_290' title='bbox 588 3741 1410 3886; x_wconf 40' lang='lat' dir='ltr'><strong>flwrffiehle&#39;eaeheewbedxiylil</strong></span> <span class='ocrx_word' id='word_1_291' title='bbox 1508 3723 1509 3784; x_wconf 73' lang='lat'>³</span> 
     </span>
     <span class='ocr_line' id='line_1_35' title="bbox 294 3915 1415 4090; baseline -0.044 -19"><span class='ocrx_word' id='word_1_292' title='bbox 294 3934 1059 4090; x_wconf 42' lang='lat' dir='ltr'><strong>ssffllrspwllbydwleelh</strong></span> <span class='ocrx_word' id='word_1_293' title='bbox 1088 3983 1149 4040; x_wconf 62' lang='lat' dir='ltr'><strong>eu.</strong></span> <span class='ocrx_word' id='word_1_294' title='bbox 1183 3929 1251 4045; x_wconf 60' lang='lat' dir='ltr'><strong>kl&gt;</strong></span> <span class='ocrx_word' id='word_1_295' title='bbox 1279 3915 1415 4086; x_wconf 51' lang='lat' dir='ltr'><strong>alst(</strong></span> 
     </span>
    </p>
   </div>
   <div class='ocr_carea' id='block_1_13' title="bbox 0 0 1527 4750">
    <p class='ocr_par' dir='ltr' id='par_1_15' title="bbox 0 0 1527 4750">
     <span class='ocr_line' id='line_1_36' title="bbox 0 0 1527 4750; baseline 0 0"><span class='ocrx_word' id='word_1_296' title='bbox 0 0 1527 4750; x_wconf 95' lang='lat' dir='ltr'><strong> </strong></span> 
     </span>
    </p>
   </div>
  </div>
 </body>
</html>
