3056 4756
629 183 807 249 ...89-

149 309 272 399 capiti,
288 309 332 376 ad
356 313 568 392 ceterorum,
594 333 656 398 per
679 309 957 400 consequentiam
982 309 1190 394 naturalem,
1216 333 1273 378 ex·

150 417 351 501 elusionem,
370 423 507 485 tantum
530 417 766 506 Privilegium
791 418 986 486 attribuere
1011 423 1181 508 cogentur
1204 418 1271 487 Ne·

149 525 314 595 storiani.
331 528 374 609 Q.
389 527 432 595 E.
446 527 491 595 D.

653 751 684 824 ἓ.
707 744 772 812 VI.

215 959 346 1028 Narses
378 961 563 1048 presbyter
587 965 622 1028 et
644 960 773 1028 Doctor
798 960 1030 1029 Nestorianus
1054 959 1092 1026 in
1119 962 1273 1030 testimo·
1309 985 1447 1043 septimum
1465 998 1501 1060 ep

149 1066 209 1133 nio
231 1065 305 1154 jam
337 1089 436 1156 capp.
452 1067 485 1133 1⁰
509 1072 544 1134 et
567 1067 601 1134 2⁰
624 1066 732 1134 allato
757 1067 807 1153 (1)
831 1067 916 1135 haec
948 1068 1043 1136 canit
1069 1095 1084 1132 e
1106 1069 1274 1159 Princeps
1288 1050 1438 1157 ,lffluss
1457 1048 1502 1157 Εᾱζζ

147 1173 411 1263 Discipulerum
435 1175 591 1263 piscatus
613 1181 668 1243 est
690 1175 872 1243 civitatem
896 1176 1133 1264 Principatus,
1160 1182 1196 1245 et
1212 1200 1274 1246 ceu
1288 1173 1502 1283 &embalidis

146 1281 186 1346 in
211 1283 336 1368 eapite,
362 1281 399 1348 in
423 1280 488 1348 illa
510 1280 693 1370 plantavit
716 1282 830 1347 oculos
854 1280 968 1348 Fidei.
990 1309 1006 1344 a
1025 1282 1106 1367 Ast,
1124 1289 1167 1350 ut
1182 1283 1219 1349 in
1235 1283 1273 1349 fi·
1288 1251 1502 1346 indefectibilite-

144 1409 237 1475 gura
260 1388 476 1473 insistamus,
496 1389 589 1457 oculi
604 1390 642 1456 in
658 1390 791 1479 capite,
811 1388 922 1457 relate
938 1389 982 1456 ad
999 1395 1111 1459 totum
1128 1388 1271 1480 Corpus,
1287 1363 1500 1483 leeffifflffl

143 1519 181 1563 se
205 1495 336 1566 habent
358 1497 474 1566 instar
497 1498 660 1567 lucernae
683 1498 806 1567 domus
833 1521 937 1588 super
954 1498 1199 1567 candelabrum
1216 1521 1273 1588 po·
1288 1490 1501 1600 {gcfflffiffl

147 1602 252 1672 sitae:
270 1609 305 1671 et
328 1603 442 1673 instar
461 1604 553 1674 Solis
576 1605 614 1672 in
638 1606 854 1674 firmamento
878 1607 989 1674 relate
1005 1606 1049 1674 ad
1065 1611 1195 1674 terram
1216 1607 1307 1675 velli
1323 1617 1353 1662 V·

146 1710 192 1777 ad
217 1711 425 1780 Universum
449 1720 617 1780 nostrum:
641 1717 677 1780 et
695 1712 809 1780 instar
826 1712 917 1780 lueis
935 1713 972 1780 in
988 1715 1168 1780 tenebroso
1184 1713 1270 1781 loco.

145 1819 254 1885 Petet
268 1826 385 1887 autem
404 1842 472 1886 non
496 1841 595 1908 posse
613 1818 723 1906 dirigi
740 1818 871 1908 Corpus
887 1820 1017 1910 absque
1041 1819 1163 1904 oculis,
1183 1820 1275 1888 sieut

145 1949 210 1995 nee
229 1927 379 1995 mundus
393 1928 523 2017 absque
542 1925 633 1994 Sole:
659 1926 730 1995 Nec
746 1933 863 2016 potest
882 1927 999 1994 lumen
1015 1927 1219 2015 degenerari
1236 1927 1274 1994 in

148 2035 323 2121 tenebram
338 2035 428 2104 Nam
447 2037 506 2098 usi
523 2035 632 2100 lamen
647 2034 738 2124 quod
756 2036 793 2099 ie
806 2035 903 2100 nobis
923 2049 972 2100 est
983 2036 1029 2123 fit
1047 2035 1213 2117 tenebrae,
1229 2049 1273 2101 te·

143 2143 271 2208 aebrae
296 2139 382 2232 quid
411 2142 567 2206 crastin
593 2141 646 2208 ait
661 2139 836 2208 Christus.
862 2140 963 2208 Fixit
985 2147 1103 2208 autem
1132 2141 1270 2228 Petrus,

144 2256 241 2320 certe
264 2251 316 2318 sic
339 2251 550 2340 disponente
566 2249 725 2333 Domino,
744 2273 786 2318 ex
811 2251 984 2318 sententia
1007 2251 1167 2334 Nersaei,
1194 2275 1272 2319 ccu-

144 2358 199 2427 los
216 2381 277 2426 seu
289 2358 406 2426 lumen
420 2357 522 2425 Fidei
537 2356 574 2422 in
583 2355 742 2424 Ecclesia
754 2357 909 2424 Romana
925 2380 987 2426 ceu
999 2358 1036 2424 in
1049 2358 1174 2447 eapite:
1188 2381 1271 2446 erge

215 2465 261 2534 1⁰.
286 2466 337 2533 Et
358 2467 435 2554 ipsa
458 2488 590 2554 semper
613 2464 727 2554 Caput
749 2465 831 2549 erit,
850 2487 892 2533 ne
916 2464 1017 2533 Oculi
1041 2472 1142 2534 extra
1166 2472 1271 2556 eaput

144 2574 380 2664 reperiantur,
400 2578 442 2640 ut
456 2573 494 2640 in
506 2580 670 2656 monstro,
690 2580 725 2641 et
741 2579 863 2641 eontra
880 2573 1161 2642 constitutionem
1177 2573 1268 2664 Apo·

145 2683 316 2752 stolorum
343 2681 531 2771 Principis.
564 2681 607 2748 In
630 2681 694 2750 hoc
726 2689 840 2750 autem
868 2688 921 2750 est
952 2681 1125 2771 primatus
1151 2683 1268 2754 Eccle-

146 2790 221 2858 siae
248 2790 434 2858 Romanae.
461 2789 557 2878 Ergo

215 2897 260 2964 2⁰.
288 2898 335 2966 Et
358 2899 435 2986 ipsa
457 2898 556 2964 Rom.
573 2895 732 2966 Ecclesia
754 2897 792 2964 in
815 2897 882 2966 fide
905 2919 1092 2988 numquam
1115 2899 1265 2986 errabit;

144 3003 250 3072 imme
265 3007 342 3095 ipsa
357 3010 466 3072 totam
479 3003 671 3073 Ecclesiam
687 3005 854 3073 veritatis
870 3005 1030 3073 doctrina
1046 3012 1081 3073 et
1096 3006 1172 3074 luce
1187 3007 1268 3074 illu-

145 3113 289 3198 strabit;
315 3113 407 3201 apud
424 3112 535 3202 ipsam
552 3113 643 3180 enim
662 3113 862 3201 praesident
876 3113 976 3178 oculi
999 3113 1112 3180 Fidei.
1138 3114 1181 3180 In
1205 3115 1269 3181 hoe

144 3226 263 3288 autem
279 3229 334 3288 est
348 3220 546 3308 Magisterii
569 3220 860 3288 indefectibilitas
884 3228 920 3288 et
943 3220 1149 3288 inerrantia.
1175 3221 1269 3288 Jam-

145 3326 231 3398 vero
255 3327 426 3419 quidquid
446 3328 488 3395 de
503 3329 677 3398 Romanae
689 3329 866 3397 Ecclesiae
880 3328 1034 3418 primatu
1051 3330 1183 3396 dictum
1199 3352 1269 3397 cer-

145 3435 263 3503 nimus
281 3441 315 3502 et
331 3435 568 3523 praedicatum
592 3436 637 3503 ad
660 3434 815 3524 ejusdem
838 3435 1047 3524 Episcopum
1067 3435 1270 3526 principali·

144 3553 201 3613 ter
223 3544 396 3633 pertinet;
427 3543 529 3612 immo
556 3551 593 3612 et
621 3568 663 3612 ex
687 3544 762 3635 ipso
786 3543 980 3612 necessario
1003 3543 1103 3628 fluit,
1129 3547 1271 3633 propter

144 3651 243 3720 Petri
260 3650 473 3735 cathedram,
492 3658 527 3719 et
543 3651 581 3718 in
604 3651 759 3741 ejusdem
782 3651 1029 3741 Episcopatum
1046 3660 1081 3718 et
1097 3652 1270 3740 principa·

143 3770 220 3828 tum
245 3761 512 3828 successionem.
540 3759 582 3842 Q.
597 3760 640 3828 E.
660 3759 702 3827 D.

217 4021 262 4098 (1)
282 4025 361 4088 Quod
380 4025 477 4078 eonler
496 4040 557 4091 cap.
574 4025 599 4076 1.
624 4040 654 4076 n.
667 4025 701 4076 V.
727 4027 756 4075 et
774 4039 798 4075 c.
814 4025 839 4074 2.
862 4031 885 4095 ς.
899 4025 944 4089 V.,
965 4022 1015 4076 ubi
1035 4025 1064 4074 et
1083 4024 1195 4075 textum
1214 4022 1269 4074 ori·

146 4117 274 4180 ginalem
301 4113 447 4168 chaldaice
475 4115 605 4166 recensui
628 4114 744 4182 exejus
773 4113 949 4166 sermonibus
969 4127 1018 4165 seu
1038 4112 1217 4166 carminibus
1237 4111 1270 4163 de

145 4206 357 4272 Evangelistis,
380 4209 409 4258 et
427 4204 461 4257 de
479 4206 656 4260 Pentecoste.
