3046 4756
658 385 701 456 Τ

184 615 390 706 Timotheus
432 615 566 704 primns
609 637 651 682 ex
681 613 883 704 episcopatu
912 614 1144 706 Beth-Bagas
1175 617 1240 684 sub
1282 628 1429 706 rimetusus
1445 635 1468 678 1.

115 724 333 812 Adjabenico
360 721 628 812 Metropolitano
654 722 691 788 in
723 723 965 792 Patriarcham
988 724 1239 794 Chaldaeorum
1255 695 1407 807 ξζᾞῗέοξὲ
1424 695 1467 805 ἐξ

118 831 419 914 Nestorianorum,
443 834 521 918 post
542 829 758 919 Ananjesum
782 828 847 914 IL,
874 831 967 900 circa
989 853 1118 901 annum
1141 832 1239 900 Chri·
1254 823 1301 870 ⁸2⁰
1318 824 1420 872 Christi·

118 940 166 1006 sti
193 941 273 1007 778.
292 941 365 1008 fuit
387 939 532 1008 electus.
554 938 669 1006 Multa
695 940 874 1028 praeclare
904 941 1016 1030 gessit
1030 948 1066 1010 et
1082 941 1237 1031 scripsit,

117 1048 236 1116 11143.
268 1070 436 1116 annorum
470 1047 684 1132 intervallo,
723 1048 852 1138 quibus
875 1049 1026 1138 gloriose
1058 1050 1240 1118 admodum

117 1156 401 1246 patriarchatum
425 1154 539 1239 illum,
558 1155 622 1222 illa
645 1156 852 1246 praesertim
876 1163 991 1226 aetate
1015 1158 1098 1226 adeo
1123 1164 1240 1226 exten-

117 1286 208 1347 sum,
235 1262 508 1331 administravit.
528 1262 626 1330 Obiit
647 1263 739 1331 euim
761 1285 850 1330 anno
873 1264 1007 1334 Christi
1023 1265 1101 1334 820.
1116 1267 1241 1336 Harun
1279 1345 1283 1355 Δ
1330 1317 1331 1322 1

118 1371 356 1439 Al-Rascidus
371 1377 407 1438 et
421 1369 584 1439 Mohdius
601 1373 798 1461 praecipue,
816 1372 993 1441 Timothei
1009 1379 1137 1458 aetate,
1152 1375 1242 1441 Ara-

118 1481 201 1546 bum
231 1477 423 1567 Chaliphae
454 1501 514 1546 seu
544 1478 776 1568 Imperatores
811 1479 1048 1567 potentissimi
1080 1480 1242 1569 Bagdadi

118 1586 327 1669 floruerunt,
343 1585 405 1675 qui
420 1584 585 1673 ejusdem,
612 1586 739 1676 atejus
757 1586 881 1654 Gentis
898 1586 1000 1654 amici
1015 1611 1055 1656 ao
1071 1593 1241 1677 protecto·

117 1717 174 1762 res
198 1715 273 1762 sese
296 1693 460 1761 exhibere
484 1717 553 1761 non
572 1693 797 1762 destiterunt.
817 1693 872 1760 Ex
897 1695 1003 1762 certis
1027 1695 1241 1763 documentis

120 1803 165 1870 ad
181 1802 366 1870 historiam
380 1802 482 1869 illius
495 1803 661 1892 temporis
680 1803 936 1892 pertinentibus
957 1809 1108 1872 constat:
1127 1804 1160 1870 1⁰
1174 1804 1242 1871 Ea-

120 1911 196 1979 dem
220 1915 335 1978 aetate
353 1909 521 1978 claruisse
543 1911 649 1978 etiam
674 1911 835 2000 Bagdadi
862 1911 900 1978 in
924 1916 1019 1980 secta
1042 1911 1243 1982 nestoriana

121 2018 320 2086 Gabrielem
336 2025 372 2086 et
386 2017 595 2107 Boohjesum
610 2018 771 2102 medicos,
797 2017 962 2086 Abu-noh
983 2018 1240 2108 philosophum,

122 2100 356 2214 Theophilum
371 2126 630 2211 Astronomum,
649 2134 685 2196 et
700 2127 842 2194 Aunum
858 2125 1101 2195 Cererenssm.
1122 2127 1156 2193 2ο
1173 2127 1244 2195 Sub

122 2240 310 2301 memorato
321 2234 469 2302 Rasoido
481 2234 692 2302 Harranitas
702 2233 918 2302 manichaeos
934 2234 1122 2302 humanum
1139 2239 1245 2325 caput

120 2341 319 2412 sacrificare
335 2343 565 2432 deprehensos
581 2342 709 2411 nefarii
722 2343 815 2411 ritus
826 2365 953 2433 poenas
966 2343 1130 2412 luisse.3⁰
1139 2344 1243 2410 Ham-

120 2452 248 2520 dunam
266 2451 445 2541 quemdam
462 2451 743 2520 Christianorum
759 2451 938 2520 inimicum
961 2452 1070 2521 eidem
1093 2453 1243 2521 Rasoido

121 2560 339 2648 suggessisse
355 2566 569 2628 mortuorum
585 2581 663 2628 ossa
678 2581 699 2625 a
715 2558 927 2628 Christianis
946 2559 1099 2628 adorari:
1126 2582 1242 2651 quam·

121 2668 236 2734 obrem
252 2665 404 2734 edictum
419 2666 678 2756 promulgatum
703 2671 744 2733 ut
766 2667 896 2757 templa
910 2689 1028 2734 eorum
1044 2666 1171 2758 ubique
1187 2688 1243 2736 ex-

120 2774 374 2858 scinderentur,
385 2774 674 2844 do'neoRascidus
687 2775 815 2843 certior
828 2776 944 2844 factus
957 2774 1165 2843 Sanctorum
1177 2774 1242 2843 Re·

120 2881 263 2974 liqniis,
291 2905 361 2949 non
388 2905 680 2974 quorumcumque
703 2883 880 2950 hominum
904 2883 1040 2952 ossibus
1067 2883 1200 2952 cultum
1224 2905 1245 2950 a

121 2989 334 3058 Christianis
347 2990 506 3059 exhiberi
518 2979 670 3060 edictum
685 2991 877 3061 revocavit.
896 2992 930 3059 4ο
953 2993 1099 3061 Causam
1111 2992 1244 3081 praeci·
1272 3054 1275 3059 .

120 3121 226 3188 puam
239 3123 302 3167 our
320 3099 523 3168 Timotheus
535 3099 643 3188 hujus
654 3099 844 3189 Chaliphae
857 3101 1009 3189 gratiam
1022 3100 1145 3168 inierit
1157 3101 1243 3168 fuis·

121 3229 157 3274 se
167 3211 312 3301 propter
324 3205 512 3274 Zabaidam
528 3206 558 3295 ej
565 3207 682 3275 usdem
695 3229 848 3292 uxorem,
857 3228 971 3298 quam,
983 3231 1088 3298 quum
1099 3207 1131 3274 is
1143 3228 1244 3296 repu-

120 3313 268 3400 diasset,
285 3338 347 3383 neo
362 3337 438 3383 eam
453 3338 495 3384 ex
510 3315 668 3404 impurae
684 3315 953 3384 Mahomedanae
968 3315 1059 3405 legis
1074 3315 1244 3405 praescri-

120 3427 191 3510 pto,
209 3420 281 3488 nisi
303 3421 409 3488 alteri
432 3420 532 3511 prius
555 3421 619 3488 illa
641 3423 798 3506 nuberet,
813 3427 967 3511 repetere
991 3422 1046 3488 fas
1069 3425 1171 3504 esset,
1190 3443 1244 3488 ra-

119 3530 250 3598 tionem
267 3529 483 3612 Timotheus,
502 3552 571 3597 non
589 3535 703 3598 temen
719 3529 793 3598 sine
808 3528 1006 3618 Religionis
1022 3528 1245 3598 Christianae

122 3642 332 3726 contemptu,
361 3637 591 3726 excogitavit,
610 3661 679 3730 qua
701 3642 737 3704 et
751 3637 873 3704 uxoris
896 3636 1088 3727 Chaliphae
1104 3637 1241 3727 pudori,

122 3751 158 3812 et
186 3744 456 3815 Mahomedanae
495 3745 759 3836 superstitionis
795 3745 999 3834 integritati
1034 3745 1240 3814 consuleret.

121 3857 155 3921 5⁶5
170 3855 453 3944 Disputationem
469 3855 512 3921 ab
531 3854 607 3943 ipso
624 3853 804 3922 Timotheo
820 3877 897 3922 oum
914 3853 1054 3921 Mohdio
1070 3853 1245 3944 Chalipha

121 3965 299 4048 habitam,
324 3963 446 4054 inqua
474 3963 549 4052 ipse
566 3960 775 4030 Patriaroha
797 3968 833 4030 et
856 3961 1053 4048 victoriam,
1081 3969 1117 4032 et
1138 3963 1244 4053 majo-

119 4097 194 4143 rem
206 4073 299 4163 apud
312 4071 578 4141 Mahomedanae
592 4069 901 4140 considerationem
915 4072 1119 4164 acquisivit.
1130 4072 1163 4139 6ο
1172 4072 1244 4142 sub

121 4180 303 4250 Timotheo
318 4185 352 4248 et
363 4201 425 4269 per
437 4179 563 4269 ipsum,
575 4201 630 4246 an.
643 4178 720 4247 781.
733 4179 863 4267 Regem
874 4179 1068 4249 Turcorum
1081 4203 1159 4249 cum
1170 4185 1244 4250 toto
