3036 4750
794 199 950 240 ..Σ-

310 427 458 528 lamque
484 425 594 502 istam
622 451 755 521 meam,
787 427 1025 505 immaturam
1052 427 1140 504 licet
1169 424 1184 532 (
1233 487 1243 522 ‚
1275 427 1428 507 minime

311 551 582 654 dedignaturae,
604 551 644 629 in
664 553 800 630 Vestra
826 553 987 630 confisus
1014 552 1245 630 humanitate
1274 577 1317 629 ae
1345 551 1429 629 eha-

311 677 434 772 ritate,
467 677 622 755 firmiter
650 677 766 754 audeo
794 703 957 780 sperare.

379 873 576 942 Scribebam
598 874 725 941 Romae
747 873 804 941 die
824 872 997 960 essenii,
1019 873 1123 942 Festo
1146 873 1220 942 ΒΒ.
1236 873 1315 941 AA.
1333 874 1430 942 Petri
1501 871 1502 928 l

311 985 348 1048 et
370 981 473 1050 Pauli
496 1003 553 1050 an.
574 980 676 1048 1870.

381 1305 423 1380 (1)
440 1309 546 1361 Fateor
566 1307 695 1374 equidem
715 1307 897 1360 immaturum
924 1311 1009 1374 atque
1035 1324 1163 1362 mancum
1185 1308 1237 1360 hoc
1255 1323 1346 1360 meum
1366 1325 1430 1362 esse
1501 1279 1502 1362 i

311 1402 484 1466 opusculum,
499 1399 633 1465 pluribus
648 1399 782 1450 nimirum
797 1399 932 1451 vitiatum
948 1399 1116 1466 defectibus,
1131 1415 1248 1466 quorum
1261 1401 1334 1452 alios
1353 1415 1431 1452 rece·

310 1505 412 1554 gnoson
426 1492 455 1540 et
473 1504 529 1540 non
549 1487 708 1554 dissimulo,
723 1489 796 1541 alios
809 1493 884 1541 certe
899 1489 991 1541 latere
1006 1493 1035 1540 et
1047 1489 1148 1541 furtim
1161 1491 1273 1556 elapsos
1287 1493 1366 1557 putu.
1387 1491 1431 1542 Ne

311 1580 355 1631 cui
374 1584 469 1632 tamen
488 1579 588 1632 videar
606 1579 768 1632 inconsulte
784 1582 813 1630 et
830 1582 934 1632 temere
953 1595 1105 1644 aggressus
1120 1579 1160 1646 id,
1174 1580 1209 1632 ad
1224 1581 1299 1647 quod
1313 1583 1433 1634 nonnisi
1501 1563 1502 1616 i

311 1686 412 1735 graves
424 1672 559 1738 appulere
571 1685 614 1721 me
627 1671 765 1736 rationes,
776 1669 895 1722 scilicet:
909 1670 1051 1723 Veritatis
1064 1671 1240 1736 obsequium:
1253 1671 1284 1721 in
1297 1669 1325 1724 S.
1334 1671 1432 1724 Eccle·

310 1761 381 1812 siam
399 1762 517 1814 Matrem
536 1761 643 1827 pietas:
666 1775 723 1812 rem
742 1759 939 1826 propemedum
959 1775 1071 1826 novam,
1094 1775 1191 1813 sacrae
1212 1761 1350 1812 scientiae
1364 1760 1432 1812 Stu-
1501 1789 1502 1798 ι

312 1851 400 1904 diesis
420 1849 556 1902 offerendi
574 1849 692 1916 cupido:
714 1851 876 1915 argumenti
896 1850 1112 1916 opportunitas:
1134 1854 1163 1902 et
1176 1851 1329 1903 amicorum
1348 1851 1433 1902 solli-

309 1941 428 2008 eitatio;
450 1956 504 2007 ne,
526 1939 661 2006 inquam,
682 1939 774 1991 tantis
794 1938 918 2006 parendo
938 1939 1066 2005 caussis,
1090 1941 1213 2006 opellam
1241 1940 1347 2006 istam,
1372 1940 1434 1991 etsi
1501 1967 1502 2012 p

310 2045 449 2096 mancam,
471 2030 564 2081 minus
585 2030 714 2082 consulte
734 2043 885 2094 aggressus
905 2029 1015 2096 videar,
1038 2030 1168 2082 rationes
1186 2029 1309 2096 adsunt,
1334 2045 1430 2095 quae,

310 2135 408 2186 spero,
429 2134 516 2185 penes
534 2119 691 2172 Benevoles
711 2134 753 2170 me
774 2119 859 2184 plane
879 2123 1042 2172 excusatum
1062 2120 1201 2172 efficiunt:
1223 2119 1302 2182 Quod
1327 2135 1435 2186 nempe

310 2224 395 2274 opus,
416 2208 575 2276 adiunctis,
597 2211 765 2275 tempestate
785 2210 955 2274 praesertim
974 2210 1031 2262 heu
1050 2211 1136 2262 nimis
1156 2210 1273 2263 turbida
1293 2225 1435 2276 superse·
1501 2195 1502 2200 ¹

310 2299 416 2366 niente,
429 2300 695 2367 sicimperantibus,
710 2301 825 2366 plenum
839 2299 988 2352 exstiterit
999 2299 1209 2353 festinationis:
1223 2299 1297 2366 qued
1308 2298 1433 2351 Codices

309 2389 528 2456 manuscriptos,
550 2389 600 2456 qui
619 2392 701 2440 erant
720 2389 899 2454 consulendi,
921 2403 972 2442 nec
991 2404 1087 2442 omnes
1106 2389 1170 2442 heic
1189 2390 1295 2456 reperi,
1320 2404 1436 2468 neque,

309 2478 360 2544 qni
378 2478 533 2531 vaticanae
552 2479 654 2532 insunt
672 2479 887 2544 Bibliothecae,
908 2477 993 2532 facile
1022 2479 1102 2532 adire
1129 2480 1244 2546 saepius
1266 2479 1434 2546 potuerim:

309 2567 391 2635 quod,
413 2583 484 2634 quae
502 2568 534 2620 in
551 2567 698 2622 Archiviis
717 2567 802 2621 Urbis
824 2572 978 2622 servantur
994 2569 1137 2622 nostratia
1150 2585 1237 2622 manu
1250 2570 1359 2636 scripta
1371 2586 1437 2622 mo-

308 2660 452 2725 numenta,
468 2657 504 2710 ad
517 2674 550 2711 ea
562 2658 604 2710 ire
624 2657 808 2725 praepeditus
829 2674 946 2726 prorsus
967 2661 1036 2712 sim:
1059 2659 1133 2726 qued
1147 2661 1229 2712 Domi
1241 2661 1337 2712 nullos
1352 2659 1436 2730 iere,

308 2749 355 2799 vel
373 2747 481 2814 primae
501 2749 685 2802 necessitatis
704 2749 804 2814 libros,
821 2765 889 2816 prae
904 2752 1035 2804 manibus
1054 2752 1179 2805 habeam.
1203 2750 1283 2814 Quod
1303 2749 1440 2817 denique

307 2835 509 2887 exercitationi
527 2841 612 2903 atque
633 2836 784 2903 scriptioni
808 2836 924 2902 linguae
944 2839 1072 2906 latinae,
1094 2839 1293 2906 septemdecim
1321 2839 1441 2894 abhinc

308 2923 401 2989 annis,
422 2923 458 2975 ed
476 2923 528 2976 hoc
540 2938 629 2989 usque
643 2926 762 2992 tempus,
779 2924 978 2993 valedixerim‚
994 2942 1073 2980 sacro
1092 2927 1264 2995 Ministerio‚
1278 2931 1306 2980 et
1317 2926 1441 2982 Litoris
1501 2971 1502 2976 ,

307 3028 323 3065 a
342 3012 489 3065 latinitate
509 3012 688 3080 disparibus,
710 3015 821 3068 nativis
842 3017 965 3083 aliisque
990 3017 1021 3068 in
1041 3018 1159 3071 Oriente
1179 3018 1347 3082 vigentibus
1368 3019 1440 3070 lin-

306 3102 378 3168 guis,
401 3106 479 3154 totns
498 3101 623 3156 deditus.
643 3104 720 3156 Haec
733 3105 758 3155 si
771 3104 995 3172 considerentur,
1012 3107 1120 3159 conlido
1134 3123 1176 3158 me
1190 3107 1313 3171 benigne
1327 3106 1438 3162 indul·

306 3193 431 3256 rentiam
450 3195 698 3258 consequutururn.

747 3575 995 3710 Q
