3046 4756
561 237 764 307 ..191-

89 365 164 436 sico
188 365 232 435 de
256 364 423 456 gentibus
446 365 645 458 praesidere
680 365 805 458 coepit.
838 365 980 436 Certum
1006 363 1151 434 videtur
1181 361 1220 431 id

91 473 290 564 contigisse
319 479 399 564 post
420 498 477 544 an.
503 475 582 545 250.
612 474 680 544 Est
702 479 819 545 autem
841 480 942 546 extra
966 495 1097 544 omnem
1120 472 1220 542 dubi·

91 581 266 650 tationem
289 581 404 672 ipsum
421 583 590 675 usquead
609 603 667 652 au.
683 581 749 650 326
765 582 908 652 vixisse.
926 581 1117 668 Irakensis,
1136 579 1172 648 h.
1185 602 1216 648 e.

93 690 445 780 Persa-Babylonius
469 689 598 775 isfuit,
617 697 715 781 patre
731 690 889 781 Aghaoo,
907 695 943 760 et
958 691 1073 760 fertur
1092 690 1220 780 absque

92 798 243 866 Patrum
266 797 450 888 suffragiis
474 799 675 884 ordinatus,
701 798 903 890 primusque
933 798 1064 882 faisse,
1091 796 1219 888 quiex

92 905 239 974 Perside
270 905 441 975 oriundus
473 929 495 975 a
527 905 663 976 Davide
696 905 924 990 Maishanae,
958 928 1019 975 sen
1050 905 1220 974 Bassorae

93 1011 271 1102 Episcopo
299 1035 462 1082 manuum
492 1013 744 1104 impositionem
774 1014 958 1105 acceperit.
990 1013 1033 1082 In
1064 1012 1216 1103 Epitom.

94 1119 227 1188 Canon.
247 1121 379 1209 Synod.
405 1121 657 1212 Chaldaeorum
674 1123 724 1213 (l)
748 1125 843 1212 Papa
860 1121 1069 1213 perhibetur
1086 1121 1220 1210 primus

95 1229 158 1319 qui
182 1227 426 1318 Metropolitas
449 1229 487 1296 in
501 1229 660 1300 Ecclesia
675 1229 926 1300 Chaldaeorum
944 1227 1164 1312 discreverit,
1183 1231 1220 1296 et

96 1336 240 1428 quidem
273 1337 421 1426 primum
459 1344 540 1406 ante
574 1360 690 1407 omnes
719 1336 976 1427 Metropolitum
1013 1333 1220 1403 Elamitidis

96 1450 184 1534 (seu
213 1445 483 1536 Beth-Lapetae
512 1451 548 1515 et
579 1445 849 1536 Gandisaporis,
875 1444 934 1514 vel
960 1443 1216 1528 Horitarum),

96 1559 131 1620 et
154 1552 278 1642 paullo
299 1560 380 1644 post
402 1554 507 1622 ctiam
531 1553 682 1639 Nisibis,
713 1559 788 1623 tum
811 1553 957 1622 tertium
981 1549 1219 1621 Prath-Mais·

98 1661 213 1729 hanae
238 1661 288 1750 (h.
304 1685 335 1730 c.
349 1662 533 1747 Bassorae)
556 1667 592 1731 et
614 1662 800 1753 posthunc
816 1661 988 1751 Assyriae
1004 1661 1054 1748 (h.
1070 1683 1100 1728 e.
1111 1657 1219 1748 Adja·

97 1769 214 1853 henes,
241 1775 278 1838 et
300 1769 545 1839 Maussulanae
568 1771 764 1860 Regionis).

165 1875 232 1942 XI.
257 1875 313 1943 Ex
336 1876 487 1945 historia
510 1884 687 1967 gestorum
708 1879 862 1968 ejusdem
878 1877 998 1966 Papae
1008 1873 1221 1944 Seluciensis

97 1983 268 2052 Primatis
290 1985 457 2054 habemus
481 1987 551 2074 (2);
577 1987 707 2077 Regem
730 1987 915 2056 Persarum
943 2007 1047 2076 quum
1074 1983 1223 2053 vidisset

97 2098 173 2158 tam
196 2090 387 2160 Primatem
411 2097 447 2160 et
469 2093 672 2182 Episcopos,
699 2115 802 2184 quam
825 2091 1046 2162 Manichaeos
1070 2088 1222 2158 Manetis

98 2197 268 2266 sectarios
286 2220 307 2266 a
323 2199 458 2287 nuptiis
474 2201 661 2284 abstinere,
681 2200 718 2268 in
730 2200 950 2269 Manichacos
967 2197 1105 2290 quidem
1122 2195 1220 2264 illico

98 2306 311 2374 sententiam
327 2307 449 2374 mortis
466 2307 611 2395 tulisse;
638 2332 760 2378 verum
783 2309 827 2378 ad
843 2307 1065 2376 Christianos
1086 2311 1234 2396 qucque'

97 2413 191 2482 idem
213 2412 379 2482 Edictum
402 2437 570 2484 manasse:
596 2438 704 2510 eaque
728 2417 769 2486 de
790 2440 895 2486 eausa
911 2416 1023 2484 multa
1038 2412 1221 2502 Archiepi-

99 2543 243 2610 scopum
258 2522 388 2612 Papam
411 2545 552 2612 passum
575 2524 698 2593 fuisse.
726 2526 841 2608 Quum
865 2524 1009 2616 proinde
1025 2520 1221 2592 Christiani

2 2710 3 2714 Ἰ
99 2627 145 2696 ad
168 2629 299 2718 Regem
323 2630 584 2720 confugissent,
608 2632 756 2722 jussisse
779 2633 880 2702 illum
904 2631 1103 2716 discrimen,
1129 2629 1220 2722 quod

99 2736 194 2806 inter
217 2742 383 2827 utrosque
405 2743 515 2823 esset,
542 2739 611 2808 sibi
634 2741 771 2830 exponi.
798 2741 887 2809 Pam
911 2763 994 2810 vero
1017 2739 1146 2828 Papam
1169 2737 1221 2805 di·

99 2843 217 2913 xisse:
246 2873 263 2908 a
278 2844 476 2915 Manichaei
499 2846 585 2916 duos
607 2848 698 2916 Deos
728 2848 893 2933 credunt,
919 2855 1116 2939 terramque
1144 2845 1221 2914 vita

100 2953 307 3043 praeditam,
333 2960 368 3023 et
390 2955 525 3024 animas
547 2977 589 3023 ex
613 2977 682 3023 unc
706 2978 846 3045 corpore
870 2957 907 3023 in
930 2955 1028 3024 aliud
1051 2954 1218 3044 migrare;

99 3061 246 3151 nuptias
276 3062 424 3153 denique
458 3068 680 3132 aversantur.
717 3061 847 3132 Contra
881 3062 1078 3132 Christiani
1113 3083 1220 3128 unum

48 3346 51 3352 ¹
101 3367 177 3432 pter,
196 3361 419 3420 Ibn-nl-'Palmid
435 3364 523 3416 Poeta
543 3366 571 3416 et
583 3362 774 3430 Philosophus
789 3361 984 3430 Bagdadansis
1005 3377 1078 3416 saec.
1095 3361 1147 3414 XI.
1166 3353 1218 3431 (α),

100 3454 268 3507 Emmanuel
287 3453 529 3522 hymnographus,
544 3457 573 3506 et
589 3454 741 3508 Monachus
763 3453 932 3508 Monasterii
953 3451 1110 3519 Superioris
1131 3451 1221 3504 Maus·

101 3543 199 3598 sulani
218 3543 270 3596 sub
288 3541 430 3612 Ebedjosn
447 3544 471 3596 I.
500 3543 614 3598 Nestor.
637 3543 764 3597 Patriar.
788 3559 834 3596 an.
849 3541 911 3595 963.
934 3541 1083 3595 Honainus
1102 3541 1219 3609 ejusque

100 3634 157 3687 filii
178 3631 274 3686 David
292 3634 322 3683 et
342 3634 431 3698 Isaac,
453 3631 563 3684 etalii.

172 3718 218 3798 (1)
235 3721 319 3790 Apud
337 3723 488 3776 Sobensem
507 3737 569 3788 par.
578 3723 657 3776 VIII.
674 3737 698 3774 c.
714 3721 757 3774 25.

173 3811 218 3888 (2)
233 3811 316 3880 Apud
333 3813 437 3866 Marem
458 3812 617 3866 Salomonis
639 3815 669 3865 et
685 3813 801 3865 Amrum
820 3811 971 3865 Matthaei.

174 4081 218 4161 (⁰)
234 4086 326 4156 Hujus
345 4085 421 4153 opus
444 4083 587 4150 hucusque
608 4083 737 4150 ignotum
756 4079 1139 4147 catechetico·'l'heologicum
1161 4095 1223 4132 ara-

102 4177 164 4232 bice
183 4177 373 4244 conscriptum
392 4190 465 4228 anno
485 4174 626 4242 superiori
648 4175 743 4242 reperi
762 4173 794 4226 in
812 4173 888 4226 Bibl.
900 4172 929 4227 S.
940 4170 1136 4225 PothicnisM.
1147 4169 1223 4223 Ami·

105 4265 156 4320 das
175 4265 208 4319 in
219 4264 327 4334 Codice,
340 4265 391 4334 qui
410 4280 447 4318 an
460 4265 616 4332 exemplum
634 4263 707 4318 alibi
728 4263 833 4318 habeat
850 4262 934 4318 valde
954 4260 1062 4316 dubito.
