3046 4756
583 184 785 252 -185-

186 310 231 379 V.
246 309 459 399 Hujusmodi
474 315 511 380 et
529 310 623 378 inter
636 311 803 380 moniales
819 311 1070 381 existimandae
1086 319 1172 383 sunt
1183 317 1244 383 Fi·

118 417 192 484 liae
208 417 294 486 illae
314 416 474 486 Foedcria
489 414 578 491 bein
592 417 677 511 93³3
700 417 871 508 virgines,
896 419 1075 506 nimirum,
1100 419 1242 490 Christo

117 547 253 610 sacrae,
269 547 357 616 quaa
368 525 496 611 Nisibi,
516 523 723 616 praesertim
738 526 803 595 hoc
816 526 886 594 ΠΙ.
907 526 1056 613 saeculo,
1075 528 1247 618 degebant

117 655 247 722 magno
262 656 415 720 numero;
431 639 472 701 ut
487 630 647 703 referunt
661 635 754 703 Acta
766 633 900 702 Graeca
915 640 952 702 et
967 635 1116 724 Syriaca
1130 637 1166 707 S.
1181 637 1245 705 Fe-

119 741 265 809 broniae
283 741 327 810 V.
346 747 382 810 et
395 740 443 810 M.
464 741 526 829 (1).

187 848 253 920 VI.
280 848 323 916 In
346 848 500 938 Assyria
523 871 607 918 vero
630 850 747 919 eodem
770 855 923 940 tempore
940 851 1109 944 vivebant
1122 851 1246 921 Jacobi

119 954 245 1043 Magni
278 955 521 1025 aemulatores.
547 956 637 1026 Nam
668 957 705 1024 in
729 956 832 1025 Actis
861 955 1030 1047 Martyrii
1058 958 1246 1047 Kardaghi

119 1063 255 1152 Reguli
268 1063 546 1134 Beth-Garmaei
562 1065 614 1153 (2)
630 1065 799 1134 laudatur
817 1065 923 1134 Beres
946 1066 1126 1135 solitariae
1149 1067 1246 1136 vitae

122 1173 261 1257 cultor,
287 1180 323 1240 et
346 1173 533 1241 multorum
557 1174 594 1240 in
618 1173 794 1242 montibus
821 1173 919 1240 illius
942 1173 1098 1262 regionis
1121 1174 1245 1264 degen-

121 1279 213 1347 tium
238 1279 490 1370 discipulorum
512 1282 631 1366 Pater,
657 1304 771 1372 quem,
790 1303 833 1349 ex
848 1303 1016 1348 annorum
1042 1281 1169 1358 ibidem
1192 1305 1246 1350 as-

123 1389 343 1476 signatorum
365 1389 622 1478 computatione
644 1389 800 1458 infertur
820 1397 901 1458 ante
924 1411 979 1458 au.
1003 1388 1139 1458 Christi
1164 1390 1242 1458 285.

122 1519 158 1563 se
175 1518 213 1562 se
228 1497 265 1562 in
281 1519 394 1564 eremo
409 1497 607 1566 inclusisse.
627 1497 723 1566 Idem
740 1500 847 1567 ferme
864 1497 1046 1566 dicendum
1062 1499 1104 1567 de
1117 1498 1154 1567 S.
1167 1499 1246 1566 Mil·

122 1601 210 1670 lesio
227 1601 296 1692 (3),
323 1603 384 1695 qui
412 1610 506 1672 certe
535 1612 616 1674 ante
648 1606 780 1674 saeculi
811 1604 931 1696 quarti
957 1605 1123 1690 initium,
1155 1607 1245 1674 mili·

122 1711 176 1777 tia
198 1711 336 1796 relicta,
354 1713 465 1781 vitam
485 1714 670 1782 asceticam
693 1713 874 1803 amplexus
892 1713 1021 1798 fuerat,
1037 1713 1117 1782 dein
1134 1713 1243 1783 Susae

123 1819 161 1886 in
183 1819 354 1888 Huzitide
384 1821 610 1890 renuntiatus
633 1821 839 1911 Episcopus,
857 1825 978 1910 postea
992 1822 1132 1890 nonnisi
1156 1823 1248 1892 circa

123 1949 255 1995 annum
262 1926 397 1997 Christi
409 1929 475 1996 309
487 1929 557 1998 iter
567 1929 787 1998 Hierusalem
799 1933 835 1998 et
845 1929 1005 2017 Aegypti
1019 1931 1174 2020 suscepit
1183 1932 1245 2018 (4).

191 2035 277 2103 VII.
303 2035 395 2103 Dum
417 2035 503 2104 haec
526 2035 580 2104 ita
601 2042 713 2120 erant,
727 2039 764 2103 et
786 2035 927 2124 Religio
950 2035 1084 2105 Christi
1107 2038 1145 2106 in
1168 2041 1248 2108 Per-

124 2142 197 2210 sico
218 2142 363 2234 imperio
386 2142 424 2210 in
447 2141 521 2211 dies
544 2144 741 2232 augebatur
756 2144 934 2234 vitamque
950 2145 1164 2235 acquirebat,
1183 2148 1248 2214 sub

125 2251 258 2340 Sapore
282 2249 530 2319 Saxanitarum
553 2251 749 2340 Dynastiae
773 2251 824 2338 (5)
855 2250 1106 2320 instauratoris
1131 2253 1248 2333 ¹Arda-

124 2449 342 2516 Orientalibus,
363 2447 450 2515 deque
470 2447 582 2500 Nisibis
603 2447 722 2502 civItate
745 2451 775 2501 et
798 2448 981 2516 episcopatu,
1004 2451 1145 2503 cumulate
1167 2455 1248 2518 patet

124 2543 255 2594 sanctum
278 2539 351 2592 hunc
361 2539 428 2607 jure
441 2537 477 2591 ad
487 2537 692 2592 Chaldaeorum
705 2538 860 2592 Ecclesiam
873 2539 1028 2626 perfluere,
1041 2544 1127 2606 prout
1139 2557 1248 2608 semper

125 2632 283 2698 scriptores
298 2629 464 2683 Nestorieni
484 2631 700 2696 supposuerunt,
722 2630 803 2680 nullo
825 2629 1047 2682 contradicente.
1071 2629 1144 2682 Sane
1163 2631 1248 2682 Euse-

11 2725 12 2732 ’
124 2723 190 2774 bins
210 2719 262 2772 lib.
285 2719 367 2795 44¹³
378 2720 447 2774 Vita
466 2719 652 2772 Constantini
671 2735 733 2786 cap.
743 2719 790 2771 43.
813 2718 906 2785 ipsum
921 2716 992 2770 dicit
1015 2719 1248 2787 «Episcoporum

124 2811 255 2864 Persidis
274 2813 476 2876 ornamentum,
489 2810 583 2862 virum
595 2810 729 2862 Sanctum
747 2811 777 2861 et
788 2808 820 2860 iu
831 2808 942 2862 divinis
956 2809 1109 2876 scripturIs
1120 2811 1249 2877 apprime

125 2901 305 2954 eruditumn
326 2901 400 2952 Hinc
419 2899 573 2965 Chaldaei,
598 2899 697 2966 quiin
720 2898 768 2952 SS.
792 2897 1119 2966 commemorationibus,
1140 2899 1172 2952 in
1197 2915 1246 2952 suo

12 3011 17 3045 ε
124 2992 231 3057 Officio,
244 2989 392 3042 admodum
403 2993 470 3042 sunt
490 2989 580 3056 parci,
593 2989 795 3056 Episcopomm
814 3003 881 3042 vero
895 2989 1013 3055 nullum,
1028 2989 1077 3054 qui
1099 2988 1135 3041 ad
1156 3003 1249 3040 eorum

125 3080 281 3135 Ecclesiam
299 3095 356 3132 non
376 3082 487 3146 spectet
505 3077 616 3146 publice
639 3079 801 3144 celebrant,
823 3071 1021 3130 nihilominus
1038 3077 1123 3146 hujus
1151 3077 1250 3131 Jacobi

126 3169 421 3223 Commemorationem
439 3167 550 3221 faciunt
558 3169 582 3220 1.
600 3167 733 3232 feriaVI.
746 3165 886 3234 Aestatis,
900 3165 931 3218 in
945 3167 1029 3220 Tamo
1048 3167 1118 3219 anni
1134 3167 1247 3233 circuli.

12 3309 14 3326 ,
125 3251 340 3314 Admoncudum
350 3258 397 3312 hIc
408 3257 553 3311 interdum
563 3258 715 3324 scriptores
725 3258 772 3310 vel
783 3271 886 3321 graves
898 3255 1069 3310 confundere
1079 3257 1153 3309 hunc
1165 3256 1192 3310 S.
1205 3257 1224 3310 J
1225 3273 1251 3310 a·

126 3351 226 3404 cobum
244 3365 306 3402 cum
327 3341 505 3415 homonymis
524 3347 680 3412 Sarugensi
700 3349 730 3399 ct
747 3346 900 3399 Edesseno.

198 3433 243 3514 (1)
262 3437 377 3493 Videsis
395 3439 420 3491 Ι.
434 3438 462 3492 S.
477 3435 586 3490 Assem.
600 3437 676 3490 Bibl.
691 3437 738 3490 Or.
753 3439 821 3488 tom.
835 3435 863 3488 3.
877 3451 906 3502 p.
918 3435 945 3487 2.
960 3451 977 3488 a
991 3450 1056 3502 pag.
1069 3435 1131 3488 882.

197 3525 244 3600 (2)
260 3527 386 3580 Exstant
402 3527 473 3581 haec
489 3524 561 3580 Acts
579 3525 733 3580 Chaldaica
751 3527 783 3580 in
803 3542 887 3594 saepe
901 3525 1015 3580 laudato
1029 3525 1130 3580 CodIce
1141 3525 1248 3581 XVIII.

14 3621 15 3632 ¹
128 3617 230 3672 Chald.
246 3618 330 3682 Borg.
346 3619 380 3671 V.
395 3617 425 3670 C.
439 3617 473 3670 U.
489 3616 515 3669 d.
531 3617 563 3670 P.
577 3616 611 3669 1⁴¹.

198 3703 243 3782 (3)
262 3709 353 3776 Hujus
371 3706 605 3760 Acta-Chaldaica
624 3701 787 3773 publicavit
805 3704 894 3758 Evod.
906 3703 1015 3758 Assem.
1027 3703 1058 3782 iu
1073 3705 1130 3758 vol.
1142 3704 1166 3756 I.
1181 3702 1252 3758 Acta

13 3776 18 3829 ¹⁴
127 3799 251 3864 Martyr.
264 3788 372 3851 Ori'ent.
389 3790 564 3864 contInen'te.

200 3883 243 3960 (4)
262 3889 316 3940 Hic
334 3888 454 3952 Magnus
473 3887 521 3941 vir
538 3887 629 3940 multa
648 3888 736 3940 habet
753 3886 881 3940 facinora
899 3885 1055 3947 mentione·
1071 3883 1159 3950 digna
1181 3901 1251 3952 quae

13 3967 14 3978 ¹
129 3978 166 4032 ad
186 3993 260 4032 saec.
271 3978 321 4032 IV.
343 3977 501 4044 pertinent,
521 3975 690 4042 martyrium
710 3977 786 4030 enim
804 3992 905 4043 passus
925 3976 984 4028 fuit
1002 3991 1048 4031 an.
1064 3975 1175 4028 Christi
1188 3975 1250 4028 340.

127 4069 226 4136 Sapor.
244 4069 288 4122 11.
302 4069 348 4122 31.
361 4067 598 4136 PersequutionIs
616 4068 678 4134 ejus
694 4067 719 4118 1⁰
735 4066 831 4120 eodem
851 4081 924 4140 anno
939 4081 992 4134 quo
1011 4065 1041 4120 S.
1053 4067 1164 4122 Simeon
1178 4066 1251 4120 Bar-

127 4161 237 4215 Sabbat
256 4156 390 4226 Archiep.
410 4159 440 4210 et
458 4157 568 4233 Ifrimas
587 4156 730 4212 Seleuciae
750 4160 781 4210 et
800 4148 1008 4226 Ctesiph'ontis.

198 4245 243 4322 (5)
262 4249 433 4304 Ardascirns
453 4247 528 4301 enim
542 4262 592 4302 seu
604 4246 769 4315 Artaxcres,
787 4246 881 4302 deleto
893 4247 1014 4318 Imperio
1025 4247 1170 4318 Parthico,
1181 4244 1253 4301 Ash-
