3046 4756
695 119 896 191 -136-

239 247 284 316 ad
299 246 511 337 primaevam
522 251 558 316 et
574 248 804 316 venerandam
820 247 1067 338 antiquitatem
1089 247 1244 331 redeant
1270 245 1356 314 solis

239 354 401 440 exclusis,
417 377 504 447 quae
520 355 751 426 adversantur
767 361 883 424 rectae
898 355 991 440 fidei,
1010 355 1286 424 nestorianorum
1303 353 1355 421 in·

239 463 495 532 morationibus.
522 463 691 553 Completi
714 463 932 531 Pontificalis
954 463 1233 531 nestorianorum
1256 460 1355 530 volu-

239 572 344 640 minis
367 594 448 639 rara
470 577 553 639 sunt
575 570 797 661 exemplaria.
820 572 963 640 Praeter
986 571 1077 638 enim
1099 570 1190 639 illud
1214 569 1305 661 quod
1317 567 1356 634 in

239 679 321 748 Vat.
343 679 421 748 Bib.
449 685 624 763 servatur,
652 678 713 747 vix
740 679 811 747 alia
835 678 904 746 duo
923 678 1072 768 optimae
1095 686 1210 746 tamen
1233 682 1352 760 notae,

240 790 275 855 et
299 777 528 854 ¹nitidissimis
555 793 700 856 exarata
725 784 986 856 characteribus
1016 787 1053 854 in
1088 785 1264 856 Chaldaea
1294 785 1354 851 ha-

239 894 367 962 bemus.

784 1097 817 1172 S

75 1357 149 1390 emon
205 1358 226 1391 s·
306 1329 465 1398 Salomon
489 1328 709 1398 Chalatensis
732 1330 768 1398 h.
787 1354 816 1398 e.
836 1354 878 1400 ex
902 1332 986 1398 urbe
1010 1330 1159 1400 Chalata
1181 1331 1218 1398 in
1241 1329 1357 1402 Media

240 1438 426 1522 oriundus,
451 1437 476 1504 J
477 1437 618 1526 esujabo
640 1436 831 1505 Melchonis
854 1437 928 1504 filio
950 1436 1086 1507 Nisibis
1115 1436 1357 1526 Metropolitae

240 1545 407 1636 aequalis,
432 1543 610 1612 Ecclesiae
626 1545 830 1613 Bassorensi
853 1569 914 1614 seu
931 1545 1275 1614 Prath—maisanensi
1290 1545 1356 1612 Ne-

240 1653 414 1724 storianae
437 1661 597 1744 praeerat
620 1676 676 1722 an.
696 1652 831 1722 Christi
847 1654 946 1722 1222.
965 1655 1065 1722 Libri
1089 1655 1166 1745 ejus
1191 1655 1282 1744 Apis
1305 1654 1355 1750 in-

240 1761 364 1852 scripti
387 1760 566 1830 chaldaice
589 1768 626 1829 et
647 1762 785 1830 arabice
808 1763 945 1830 exarati
962 1763 1065 1853 plura
1088 1769 1228 1832 exstant
1243 1784 1355 1830 exem·

239 1869 354 1958 plaria
376 1869 615 1958 manuscripta
637 1874 711 1936 tum
735 1869 772 1937 in
801 1870 878 1938 Vat.
897 1870 990 1938 Bibl.
1008 1877 1084 1938 tum
1108 1871 1201 1960 apud
1224 1893 1298 1938 nos.

30 2022 130 2069 samson
141 2021 227 2069 nesea
308 1976 445 2044 Simeon
460 1976 745 2046 Nestorianorum
762 1978 799 2044 in
822 1979 977 2047 Persidis
993 1979 1122 2046 finibus
1135 1977 1355 2064 Patriarcha,

10 2085 226 2196 fflfflfggg·
240 2108 331 2153 unus
346 2109 388 2154 ex
404 2085 449 2154 iis
466 2085 527 2177 qui
543 2084 745 2154 orthodoxis
763 2085 926 2172 Sulahae,
941 2087 1128 2176 Ebedjesu,
1143 2093 1179 2157 et
1193 2086 1358 2155 Aetallae

219 2182 474 2280 succedentes,
493 2198 529 2261 et
546 2194 666 2262 Sedem
683 2218 780 2262 suam
796 2196 832 2262 in
849 2195 894 2263 iis
917 2196 1003 2264 locis
1019 2197 1178 2284 figentes,
1197 2196 1358 2263 unionem

239 2301 504 2397 interruperunt
524 2326 601 2370 cum
616 2303 775 2371 Ecclesia
797 2303 963 2372 Romana.
983 2305 1085 2373 Hunc
1107 2305 1252 2395 ejusque
1273 2301 1360 2391 Epi·

239 2407 364 2476 stolam
380 2409 424 2476 ad
446 2409 688 2478 Innocentium
711 2409 756 2478 X.
776 2432 833 2479 an.
853 2410 953 2478 1653.
973 2412 1140 2500 scriptam
1156 2417 1191 2478 et
1214 2432 1235 2476 a
1257 2410 1358 2476 nobis

240 2517 385 2584 allatam
400 2523 566 2585 memorat
578 2517 614 2586 J.
629 2517 665 2584 S.
675 2516 902 2586 Assemanius
914 2519 950 2586 iu
964 2519 1024 2587 cit.
1035 2519 1076 2588 B.
1089 2521 1127 2587 Ο.
1140 2525 1167 2587 t.
1179 2517 1212 2586 a.
1227 2516 1311 2608 par?
1321 2517 1353 2584 1.

240 2645 321 2713 pag.
334 2623 411 2691 622.
427 2625 504 2693 etJ.
524 2625 683 2693 Aloisius
702 2626 837 2694 Assem.
853 2627 889 2693 in
905 2626 1091 2717 Comment.
1108 2625 1149 2695 de
1165 2623 1359 2696 Catholicis

241 2753 303 2798 seu
318 2729 536 2798 Patriarchis
548 2730 800 2800 Chaldaeorum
812 2739 847 2800 et
858 2733 892 2802 N
893 2734 1157 2802 estorianorum.

34 2855 111 2928 nlius,
125 2853 227 2899 simeon
306 2837 466 2907 Alteram
482 2840 630 2908 alterius
649 2840 818 2910 Simeonis
835 2841 1042 2910 adduximus
1054 2843 1091 2909 in
1104 2839 1356 2924 testimonium,

10 2917 227 3028 ffissffinufflo
242 2966 319 3013 cum
334 2951 436 3014 textu
452 2946 644 3040 chaldaico,
656 2949 849 3038 epistolam,
867 2973 954 3040 quae
971 2952 1015 3019 ad
1030 2952 1118 3020 ΚΡ.
1137 2951 1269 3041 scripta
1285 2949 1360 3018 fuit

15 3046 84 3092 ¹⁷⁷⁰·
240 3075 330 3120 anno
353 3053 487 3124 Christi
511 3055 609 3124 1770.
636 3057 708 3125 Iste
732 3055 869 3126 Simeon
892 3083 934 3126 ex
958 3059 1022 3126 illa
1045 3060 1133 3128 serie
1155 3063 1227 3143 est,
1253 3079 1359 3148 quam

239 3161 337 3230 modo
352 3164 590 3250 memorabam,
609 3164 764 3247 illorum,
778 3169 842 3234 sub
865 3167 1000 3235 nomine
1017 3167 1186 3236 Simeonis
1201 3167 1360 3234 Patriar-

241 3267 1361 3364 charum,infinibusPersarumNestorianispraepositorum‚qui

240 3377 389 3466 primum
406 3377 590 3446 orthodoxi
608 3383 643 3446 et
658 3379 752 3447 uniti
769 3381 910 3449 suerent
927 3403 1003 3448 cum
1015 3381 1176 3450 Ecclesia
1188 3381 1356 3466 Romana,

240 3483 320 3552 dein
336 3483 552 3552 schismatici
569 3489 605 3552 et
620 3484 789 3553 haeretici
805 3493 1003 3556 evaseruut.
1022 3487 1151 3556 Exstat
1166 3485 1242 3576 ejus
1265 3509 1359 3554 men·

240 3591 302 3675 tio,
321 3597 356 3660 et
371 3589 525 3678 ejusdem
541 3597 659 3660 textus
685 3591 858 3662 chaldaici
875 3595 1094 3683 reproductio
1117 3595 1209 3685 apud
1221 3591 1282 3662 cit.
1297 3593 1323 3661 J
1324 3617 1360 3661 o-

241 3697 324 3787 seph
336 3697 448 3766 Alcis.
469 3699 603 3768 Assem.
619 3699 656 3766 in
677 3721 739 3768 suo
755 3701 1006 3771 Commentario
1025 3709 1211 3771 memorato
1223 3726 1256 3792 p.
1275 3701 1356 3772 230.

241 3812 275 3873 et
289 3804 366 3873 249.
385 3805 502 3894 Hujus
517 3805 667 3874 nominis
681 3813 717 3874 et
732 3807 855 3897 stirpis
871 3808 1013 3878 heredes
1037 3813 1225 3900 supersunt
1248 3829 1360 3898 usque

242 3913 286 3981 ad
308 3912 373 3981 hoc
395 3919 541 4004 tempus,
560 3914 621 4004 qui
642 3914 854 3984 nestorianis
870 3917 1102 4002 dominantur,
1116 3915 1357 4001 Patriarchae,

242 4021 365 4090 iisdem
389 4022 426 4092 in
449 4023 669 4108 confinibus,
685 4025 722 4093 in
746 4047 853 4115 pago,
884 4026 941 4095 cui
963 4049 1086 4095 nomen
1109 4025 1283 4096 Kocianos
1305 4048 1360 4096 re·

244 4129 406 4201 sidentes.
