3036 4750
787 243 831 252 -
853 199 899 268 44
921 241 966 254 ..

383 329 414 397 Ι.
438 328 482 397 In
497 349 624 398 canone
642 321 790 397 secundo
808 327 902 396 inter
925 348 994 410 eos,
1011 346 1097 416 quos
1111 327 1191 414 post
1205 323 1249 392 29
1263 323 1437 393 Nicaenos

317 440 489 522 recenset,
516 456 668 527 quosque
690 434 743 502 ait
766 456 840 502 csse
862 431 1019 522 regulam
1041 430 1301 515 inviolabilem,
1331 451 1436 522 quam

386 689 445 757 Age
463 689 564 757 igitur,
584 690 607 744 Ο
627 690 736 757 noue,
759 704 830 756 quae
849 703 916 742 vere
933 686 1088 742 AIIORIIII
1108 669 1262 754 significas,
1283 687 1381 754 affers,
1403 689 1434 738 et

316 781 443 847 Inspirss
461 776 519 853 (ης
538 780 694 849 jucundum
714 780 826 833 scilicet
844 781 874 832 et
893 778 1022 832 dIvInum
1041 780 1124 832 illurn
1143 794 1280 845 umorem,
1302 793 1357 844 quo
1377 777 1434 832 sin-

317 886 398 925 cerus
417 871 542 939 quilibet
559 871 665 936 Regem
683 871 802 938 Regum,
823 870 855 922 iu
874 869 973 923 Gloria
990 869 1087 923 Patris
1106 868 1260 935 sedentem,
1280 869 1368 922 Deum
1387 868 1434 921 bc·

318 959 462 1013 redictum
479 959 510 1012 in
530 961 652 1028 saecule,
673 962 752 1012 tunm
765 959 914 1013 Dominum
934 961 964 1011 et
979 962 1131 1012 amatorem
1143 959 1338 1025 prosequitur:
1353 960 1435 1010 Amo-

317 1064 373 1100 rem
393 1064 474 1115 quern
493 1048 575 1103 suavi
594 1049 737 1101 connitere
756 1048 787 1103 vi
806 1049 902 1102 solent
919 1046 1085 1101 veneranda
1108 1049 1156 1100 tua
1174 1049 1370 1113 monumenta,
1392 1046 1436 1097 In-

318 1138 390 1204 clyti
408 1139 559 1205 utriusque
579 1153 664 1192 sexus
684 1139 728 1190 tui
747 1139 879 1208 majores,
895 1141 1008 1191 tuorum
1020 1137 1199 1205 Pontificum,
1214 1139 1368 1206 majestate
1380 1137 1435 1190 iul-

318 1242 397 1295 gens,
418 1227 536 1296 Oorons,
556 1229 714 1296 Martyrum
733 1213 886 1298 exer‘citus,
909 1230 984 1284 sacri
1002 1231 1126 1284 Senatus
1139 1228 1278 1296 dignitas,
1292 1231 1436 1286 Matrona·

318 1331 381 1369 rum
400 1317 640 1372 nobilissImarum
658 1320 761 1388 pietas,
782 1317 1030 1374 SanctissImarum
1050 1319 1202 1385 virginum
1222 1323 1252 1373 et
1269 1319 1436 1373 Monialium

320 1407 780 1478 cminslngelica,renp10rum
793 1409 885 1478 decor,
901 1409 996 1464 distri
1009 1409 1112 1463 (tultus
1126 1409 1271 1478 splendor,
1285 1411 1437 1462 Doctorum

318 1501 507 1568 praestantia,
517 1501 708 1565 Evangelicae
720 1500 801 1554 vitae
813 1501 952 1568 exempla,
969 1499 1154 1553 scientiarum
1168 1499 1319 1566 cunabula,
1333 1499 1437 1566 Hospi-

319 1591 423 1644 tiornm
443 1593 473 1643 st
490 1592 693 1646 Institutcrum
713 1591 874 1645 OharItatis
891 1589 1065 1658 Archetypa,
1077 1591 1199 1644 Heroum
1212 1591 1244 1642 iu
1263 1591 1302 1642 'Ie
1322 1589 1437 1642 domici·

320 1681 404 1750 itum,
425 1681 565 1736 Bonorum
584 1683 689 1735 ortium
714 1681 822 1749 gloria,
842 1682 1080 1734 Aerumnatorum
1098 1681 1260 1749 retugium,
1278 1679 1390 1748 jurium
1409 1681 1439 1731 et

320 1771 480 1826 honestatis
499 1771 630 1839 pubIIcse
648 1771 855 1839 patrocinium,
876 1773 905 1823 et
923 1770 982 1824 alia
1001 1774 1144 1825 sexcenta.
1164 1770 1272 1838 Utique
1291 1784 1370 1822 amor
1388 1784 1436 1836 es,

320 1861 427 1930 Roma,
449 1862 499 1930 qui
517 1861 651 1915 inliceret
668 1861 848 1915 venerationi
866 1861 898 1913 in
917 1862 998 1914 tuum
1015 1858 1186 1917 Antistitem
1206 1859 1435 1922 sanctissimum,

320 1951 371 2019 qui
389 1953 494 2006 meruit
511 1951 575 2005 deri
593 1950 703 2006 (lbrlsti
730 1950 862 2006 Vicsrins
879 1946 922 2023 (θ)
950 1953 1076 2018 caelum,
1098 1953 1204 2004 terram
1223 1952 1253 2003 et
1269 1965 1388 2015 rognum
1406 1951 1438 2004 iu

319 2043 464 2106 potestate
481 2041 589 2094 habens
607 2035 646 2114 (θ)
674 2042 777 2096 claves
798 2025 976 2096 excelsorum
996 2044 1026 2095 et
1044 2040 1247 2110 profundorum
1275 2043 1379 2094 tenens
1398 2037 1439 2112 (ἆ)

320 2131 493 2185 Divlnitatis
512 2132 600 2199 ulces,
620 2131 782 2198 imaginem,
804 2135 834 2185 et
851 2146 1000 2200 personam
1019 2146 1122 2196 gerens
1134 2125 1174 2206 (θ)
1187 2131 1397 2184 thesaurorum
1410 2133 1440 2183 et

320 2222 520 2288 mysteriorum
540 2219 703 2275 divinorum
721 2221 886 2275 Praefectus
900 2224 929 2274 et
941 2222 1120 2276 Distributor
1132 2216 1174 2296 (s)
1187 2221 1275 2288 Lepte
1287 2221 1438 2286 augularis

321 2315 351 2366 et
368 2311 593 2366 tundamentelis
614 2313 719 2366 Domus
737 2313 790 2368 Dei
808 2308 849 2387 (⁹)
871 2311 919 2366 Sol
938 2311 1124 2367 orthodoxius
1134 2351 1140 2379 ,
1162 2311 1306 2374 Ecclesiae
1325 2309 1437 2378 (Iaput,

320 2399 553 2455 Obristienitatis
571 2401 728 2470 Megisten,
753 2400 853 2456 Mundi
870 2401 952 2468 Lux,
973 2401 1060 2454 Pater
1077 2401 1195 2454 Patrum
1216 2402 1245 2452 et
1262 2400 1367 2454 Ductor
1386 2399 1439 2452 Do-

320 2493 428 2544 ctorum
446 2485 495 2564 (¹⁵).
779 2473 789 2491 ⁶

344 2597 346 2600 ·
391 2577 450 2645 Age
469 2593 544 2632 nuno
561 2580 660 2648 Roma,
679 2579 721 2632 Iu
740 2593 770 2632 es
790 2577 875 2633 Orbis
894 2583 1035 2633 terrarum
1053 2579 1146 2632 IIater
1161 2581 1191 2630 ct
1203 2579 1383 2647 Metropolis,
1397 2580 1438 2633 I'u

321 2669 420 2724 lIundi
439 2669 568 2736 Regina!
590 2671 663 2739 Ejal
687 2669 854 2722 obliviscere
868 2673 1005 2736 populum
1023 2677 1141 2722 tuamet
1154 2669 1262 2722 domam
1275 2669 1372 2736 patris
1385 2670 1438 2734 tas}

322 2760 455 2828 quoniam
474 2775 508 2812 ex
529 2760 604 2814 omni
622 2761 704 2828 perte
723 2761 830 2812 cultam
848 2766 926 2811 taum
943 2759 1136 2824 deprecentur,
1158 2763 1188 2813 et
1204 2760 1243 2812 'Ie
1263 2751 1439 2813 uenerantur

322 2866 413 2902 omnes
432 2849 532 2902 divites
543 2853 714 2916 populorum
732 2857 833 2902 terrac.-
853 2849 923 2902 Eece
937 2865 992 2915 pro
1001 2849 1133 2915 patribus
1145 2849 1202 2901 tute
1214 2849 1279 2900 acti
1290 2856 1359 2901 eunt
1373 2849 1438 2900 Tibi

320 2939 395 2993 Filio·
413 2936 449 3014 (ί)
468 2941 518 3008 qui
536 2941 574 2994 'Ie
594 2940 778 3008 elonginqno
793 2941 924 2995 salutant
935 2940 966 2993 et
978 2939 1124 2993 turmatim
1138 2938 1174 2993 ad
1187 2939 1225 2992 'Ic
1239 2938 1387 2992 confluunt
1402 2934 1439 3010 sti

392 3132 436 3214 (α)
453 3139 550 3205 Nuper
568 3138 620 3191 sub
639 3140 735 3192 oeulos
754 3138 825 3192 mihi
844 3138 948 3192 cecidit
966 3138 1040 3191 liber
1058 3136 1203 3207 cujusdam
1221 3135 1356 3190 Auctoris
1369 3137 1439 3190 Itali

321 3226 447 3302 (nemius
465 3229 497 3282 r.
513 3229 548 3282 D.
561 3223 609 3302 (i.)
634 3244 715 3297 quem
734 3228 865 3296 aperiens
892 3227 954 3282 vidi
973 3229 1177 3294 Prolegomena
1195 3225 1236 3281 sic
1254 3226 1439 3280 exordientis

325 3319 501 3374 a-Bomai
518 3347 551 3357 -
564 3317 596 3372 Ε*
607 3333 683 3374 corre
701 3317 817 3374 vecchio
836 3317 913 3374 fama
928 3317 979 3372 che
998 3315 1099 3373 ROMA
1119 3317 1163 3370 sia
1181 3317 1281 3385 parole
1299 3331 1405 3371 arcana
1427 3333 1440 3367 e

323 3407 468 3476 signiflchi
488 3405 622 3464 AMOR...
636 3437 670 3447 —

392 3493 433 3570 (ὃ)
450 3495 581 3551 Anbsrae
598 3498 728 3566 Episcop.
744 3514 805 3566 sup.
820 3514 882 3566 cap.
898 3499 923 3550 1.
945 3515 973 3552 n.
988 3499 1052 3556 VII.
1073 3501 1104 3550 et
1123 3498 1175 3552 alii
1193 3497 1276 3552 olibi.

391 3581 432 3661 (θ)
448 3586 527 3641 Idem
543 3587 702 3642 Anbarens.
723 3588 839 3642 ibidem.

390 3671 528 3751 (0¹)1dem
546 3677 652 3734 Anbar.
673 3682 703 3732 et
719 3679 790 3734 libri
808 3679 921 3744 Liturg.

392 3762 432 3841 (θ)
450 3766 528 3822 Idem
544 3767 652 3824 Anbar.

391 3852 434 3932 (s)
451 3857 529 3913 Idem
546 3859 652 3916 Anbar.
673 3862 694 3915 l.
709 3876 733 3916 c.
747 3863 778 3914 et
796 3860 849 3914 alli
867 3874 928 3928 cap.
941 3873 1004 3928 sup.
1019 3874 1069 3912 nu.
1083 3859 1137 3914 III.
1153 3860 1183 3910 et
1196 3859 1245 3914 IV.

391 3943 432 4021 (⁹)
449 3945 517 4002 liod.
532 3964 594 4018 esp.
609 3965 695 4019 super
712 3954 742 4004 et
758 3949 838 4004 iufra
855 3950 908 4003 hoc
924 3950 1012 4018 capit.
1246 3963 1250 3976 ·

392 4033 433 4112 (l)
450 4039 509 4093 Hoc
527 4055 587 4109 cap.
602 4040 680 4095 inira
697 4043 736 4108 ἐξ.
750 4041 802 4095 ΙΧ.
816 4029 857 4095 X.
866 4039 918 4096 XI.
930 4040 997 4095 XII.
1010 4039 1092 4094 XIII.
1107 4038 1185 4093 XIV.
1198 4037 1258 4092 XV.

393 4122 431 4202 (¹)
448 4129 553 4185 Pselm.
568 4129 614 4184 44.
628 4145 657 4184 v.
673 4131 812 4186 11-18-17.

393 4211 436 4291 (¹⁶)
454 4217 548 4274 Isaiae
566 4234 591 4274 c.
602 4219 646 4272 60.
682 4239 692 4259 ·
797 4279 799 4288 ,
