3056 4756
611 159 811 229 -113-

149 315 168 352 c
186 288 316 373 Vobis,
343 289 454 356 vestri
477 287 615 378 imperii
639 289 785 378 gratia,
812 292 991 360 commissa
1020 298 1104 360 sunt
1119 294 1195 361 loca
1216 293 1275 362 Se·

147 397 206 465 dis
219 397 282 466 SS.
297 397 556 486 Apostolorum,
572 403 613 465 ut
626 398 763 466 scilicet
778 400 973 468 defendatis
984 401 1107 468 Fidem
1119 401 1275 469 orthodo-

147 527 241 590 xam,
267 511 376 596 utque
398 505 617 594 Religionem
649 507 869 574 manifestam
897 508 1058 594 faciatis3
1085 533 1153 576 non
1183 509 1276 578 sicut

147 613 361 697 Heraclius,
389 613 449 705 qui
473 636 541 680 non
564 619 618 682 est
641 614 771 703 dignus
794 623 836 683 ut
865 615 1062 705 appelletur
1086 617 1275 706 imperator

148 723 192 789 ob
217 744 315 789 suam
339 721 575 810 impietatem,
601 727 638 789 εὴ
654 745 824 791 recessum
841 747 861 790 a
877 723 1049 808 veritate,
1077 733 1111 792 et
1129 725 1275 814 Sergius

148 836 186 897 et
211 829 489 896 THEODORUS
506 835 541 896 et
556 829 718 919 Pyrrhus
736 836 772 898 et
796 831 923 898 Petrus
945 831 1172 900 Patriarohas
1189 831 1273 900 Con-

149 938 438 1027 stantinopoleos,
454 937 515 1029 qui
531 939 831 1027 praevaricatores
847 940 1066 1024 extiterunt,
1093 946 1129 1007 et
1144 946 1274 1008 merue-

150 1053 238 1114 runt
260 1037 443 1130 maledici,
469 1051 505 1114 et
528 1046 628 1135 digni
661 1047 749 1115 facti
774 1053 857 1114 sunt
881 1047 941 1137 qui
966 1047 1201 1116 obiicerentur
1233 1049 1275 1114 ab

151 1153 272 1232 ordine
288 1153 536 1239 ecclesiastico,
556 1156 598 1221 oh
614 1154 868 1245 perversionem
885 1179 1001 1224 eorum
1018 1155 1223 1240 sententiae,
1239 1161 1274 1223 et

152 1263 195 1330 oh
220 1261 384 1329 scandala
408 1262 634 1330 seminata...
654 1262 709 1330 Tu
732 1268 861 1348 autem,
876 1263 1069 1352 Imperator
1093 1267 1273 1353 praestan-

151 1369 300 1452 tissime,
316 1369 404 1436 scito
426 1369 547 1438 Fidem
575 1370 801 1439 orthodoxam
826 1395 899 1440 esse
923 1372 1085 1440 Paradisi
1102 1373 1268 1457 fructum,

154 1483 190 1546 et
214 1477 297 1544 Tibi
320 1476 517 1546 incumbere
549 1499 623 1546 eam
647 1479 763 1564 tueri,
788 1502 1031 1570 propugnare,
1071 1483 1108 1551 et
1126 1479 1273 1546 homini-

152 1586 219 1652 hus
235 1583 471 1652 manifestare.
498 1585 737 1674 Adprecamur
752 1586 871 1678 itaque
894 1587 1074 1656 Christum
1090 1588 1274 1656 Dominum

151 1692 321 1761 Nostrum
346 1694 388 1757 ut
411 1690 448 1758 in
473 1691 536 1761 hoc
561 1694 628 1761 tibi
645 1694 838 1784 opituletur
852 1717 915 1763 sua
932 1696 1050 1785 gratia
1067 1703 1102 1764 εὴ
1119 1697 1273 1786 benigni·

151 1805 240 1868 tate.
266 1799 424 1868 Arnen.»

220 1909 325 1977 Hisce
348 1909 548 1998 praejactis,
562 1909 635 1998 jam
659 1911 703 1978 ad
720 1911 872 2002 quinque
888 1912 1004 2002 capita
1020 1912 1197 2002 proposita
1217 1912 1273 1980 de-

153 2016 381 2084 monstranda
405 2015 494 2084 satis
517 2016 587 2084 erit
610 2019 724 2085 fontes
748 2018 958 2086 solummodo
981 2017 1148 2086 indicare.

222 2122 270 2190 Et
292 2122 495 2190 PRIMUM:
521 2123 557 2190 h.
576 2146 606 2190 e.
627 2123 717 2213 quod
740 2123 916 2196 Honorius
939 2125 968 2196 Ι.
994 2147 1210 2216 nequaquam
1234 2124 1272 2192 in

154 2228 224 2297 fide
247 2228 433 2314 erraverit,
460 2228 629 2318 probatur

224 2339 260 2422 a)
276 2337 330 2404 Ex
346 2336 492 2428 epistola
515 2337 658 2405 Ioannis
674 2338 788 2427 Papae
804 2337 1021 2423 (Document.
1039 2337 1120 2424 IV.)
1137 2338 1198 2406 uhi
1215 2361 1272 2428 ge·

153 2446 286 2514 nuinus
301 2468 422 2514 sensus
445 2445 632 2513 locutionis
647 2446 867 2514 Honorianae
888 2446 1091 2514 authentice
1108 2452 1143 2514 et
1167 2449 1273 2515 abun-

154 2555 198 2623 de
211 2551 420 2642 explicatur,
440 2558 476 2620 et
493 2575 533 2618 ecc
543 2576 609 2641 pro
607 2552 701 2640 fesso
706 2601 715 2634 ,
728 2552 801 2620 sine
817 2553 939 2620 timore
958 2552 1016 2620 vel
1028 2552 1183 2640 periculo
1196 2576 1272 2622 oon-

153 2661 405 2731 tradicentium
423 2659 629 2728 orthodoxia
644 2659 791 2727 Honorii
811 2666 1066 2749 propugnatur,
1085 2660 1273 2752 etquidem

153 2770 305 2860 publice,
325 2777 360 2837 et
376 2769 413 2836 in
437 2773 621 2858 conspectu
644 2768 778 2858 Regum
804 2775 839 2835 et
866 2768 976 2834 totius
999 2767 1165 2836 Orientis.
1191 2769 1273 2836 Pro·

155 2879 261 2946 batur

224 2986 257 3069 b)
283 2984 338 3051 Ex
362 2983 511 3074 epistola
536 2982 708 3065 Theodori
732 2981 914 3052 Pontificis
945 2983 1108 3071 (Ducum.
1127 2981 1268 3068 VIII),

156 3095 218 3186 qui
240 3093 338 3162 nullo
361 3099 464 3183 pacto
488 3093 660 3182 potuisset
683 3093 719 3158 in
735 3091 961 3159 Patriarohas
985 3091 1271 3182 Constantinopo-

153 3203 285 3270 litanos
309 3202 358 3269 sic
375 3201 533 3284 fidenter,
552 3201 700 3290 publice,
719 3206 755 3268 et
776 3206 877 3267 tanta
895 3223 971 3267 cum
991 3199 1202 3268 auctoritate
1219 3200 1272 3266 in-

155 3311 294 3394 vehere,
314 3310 345 3376 si
362 3309 669 3398 praedecessorem,
688 3311 724 3374 et
747 3308 885 3399 quidem
902 3308 1030 3376 eisdem
1054 3307 1271 3376 Patriarchis

155 3441 332 3503 coaevum,
354 3417 428 3508 ipse
451 3417 632 3485 habuisset
654 3416 771 3484 eadem
794 3416 940 3496 haeresi
950 3415 1023 3505 jam
1045 3415 1268 3484 maculatum.

155 3527 287 3596 Saltem
302 3525 517 3614 potuissetne
539 3526 679 3614 impune
695 3525 886 3592 Honorium
911 3523 1050 3592 silentio
1066 3524 1268 3613 praeterire,

155 3633 239 3726 quin
269 3632 405 3700 scilicet
431 3631 531 3699 illius
559 3637 798 3699 exsecraretur
822 3630 1018 3700 memoriam
1043 3629 1099 3698 vel
1120 3629 1268 3717 facinus,

154 3739 232 3832 pari
257 3738 366 3823 modo,
385 3737 479 3806 acin
503 3737 684 3826 complices
709 3737 863 3826 ejusdem
887 3736 1015 3826 (juxta
1048 3736 1271 3826 hypothesim

153 3848 341 3932 nimirum)
364 3852 434 3916 tam
458 3847 587 3916 acriter
610 3847 646 3914 in
670 3845 735 3913 illa
758 3845 918 3936 Epistola
941 3843 1025 3922 lecit
1048 3845 1141 3936 Papa
1162 3844 1270 3914 Theo-

155 3959 273 4042 dorus,
300 3955 454 4024 Orientis
478 3955 685 4045 Imperatori
709 3955 891 4023 scribens?

223 4065 476 4136 SECUNDUM
491 4063 633 4148 invicte,
654 4069 695 4131 ut
710 4086 807 4148 reor,
823 4064 1081 4132 demonstratur
1097 4085 1138 4131 ex
1154 4059 1270 4130 eodem

156 4173 264 4244 citato
288 4176 490 4244 documento
513 4172 614 4244 VIII.
640 4171 784 4260 Insigne
808 4171 966 4262 equidem
989 4176 1043 4240 est
1066 4171 1130 4238 hoc
1153 4191 1269 4237 monu-

1116 4305 1137 4366 8
