3046 4756
729 106 773 117 -
796 65 862 132 150
883 101 928 114 ..

264 203 299 270 3.
323 194 635 269 Perath-Mesenae
651 214 712 259 sen
726 191 895 256 Basaorae
910 187 973 276 (l).
987 226 1009 236 -
1020 188 1054 254 4.
1070 186 1205 255 Mossul
1222 186 1301 256 sive
1318 188 1386 255 As·

267 308 386 397 syriae
410 305 473 392 (2).
492 347 515 358 -
537 301 571 368 ὅ.
595 297 745 368 Arbelae
768 321 830 366 seu
851 297 968 363 Hazae
991 301 1027 363 et
1049 294 1253 382 Adjabenae
1277 295 1343 384 (3),
1369 338 1390 348 -

267 417 300 483 6.
326 411 593 482 Beth-Garnae
619 429 681 474 seu
706 402 1000 474 Rath-Seleuciae
1027 407 1064 469 et
1091 401 1247 471 carchae
1277 404 1343 491 (4).
1370 445 1389 452 -

268 661 356 716 rabili
371 659 483 728 jugiter
499 656 531 708 in
550 653 727 722 possessione
748 651 879 715 legitima
896 650 1001 702 fuisset
1019 649 1235 716 Chaldaeorum,
1258 651 1389 716 quinque

269 757 364 804 tamen
383 749 488 803 abhinc
510 747 613 810 annis,
639 744 706 809 Syri
725 741 890 806 Jacobitae,
911 755 995 806 auro,
1016 741 1125 793 biteris
1144 741 1390 794 Ministerialibns

269 837 520 906 Constantinopoli
539 836 681 900 extortis,
702 849 837 900 usurpare
855 833 919 884 ausi
938 836 1014 898 sunt,
1035 832 1145 884 frustra
1163 833 1258 900 nobis,
1276 833 1391 885 viribus

269 932 419 996 omnibus,
439 944 495 981 uno
516 927 615 980 Auno
634 927 767 990 excepto.
791 923 1016 975 clamitantibus.

340 1019 382 1095 (1)
400 1021 474 1072 Urbs
492 1016 668 1083 Babyloniae
687 1013 723 1066 ad
742 1014 850 1077 Tigrim
868 1014 935 1078 sita,
950 1028 1035 1079 prope
1049 1012 1147 1065 Sinum
1160 1014 1314 1081 persicum,
1331 1015 1391 1080 plu-

270 1129 315 1166 res
335 1111 513 1178 episcopatus
533 1106 673 1173 subjectos
687 1104 860 1155 numerabat.
876 1103 1042 1169 Metropolis
1055 1103 1195 1155 instituta
1208 1104 1268 1156 fuit
1280 1120 1299 1155 a
1311 1103 1391 1170 Papa

271 1202 445 1258 Seleuciensl
455 1199 589 1263 Primate,
610 1211 684 1248 anno
697 1194 808 1246 Christi
826 1193 890 1246 310.
901 1194 983 1245 Nunc
995 1208 1098 1260 paucos
1111 1193 1219 1261 fideles,
1233 1195 1315 1247 inter
1328 1196 1392 1247 mil-

271 1295 314 1346 lia
330 1291 462 1355 Arabum,
484 1288 631 1352 continet,
652 1299 768 1352 quornm
796 1299 891 1336 curam
910 1284 986 1346 gerit
1009 1284 1162 1350 presbyter
1180 1300 1198 1336 a
1216 1285 1390 1337 Patriarcha

270 1380 464 1450 Babylonensi
482 1377 686 1434 chaldaeorum
704 1375 782 1427 mitti
801 1375 913 1427 solitus.

340 1466 385 1546 (2)
403 1471 519 1536 Mossul,
541 1484 603 1520 mea
621 1466 725 1534 patria,
740 1464 890 1517 notissima
902 1465 970 1516 urbs
985 1464 1159 1531 adTigrim,
1179 1465 1326 1529 eregione
1341 1482 1390 1517 an-

274 1565 370 1630 tiquae
389 1561 521 1625 Ninives,
542 1560 623 1626 cujus
642 1556 769 1609 Ecclesia
788 1554 951 1621 chaldaica,
972 1556 1073 1607 multis
1092 1555 1196 1607 abhinc
1209 1557 1296 1608 annis
1311 1573 1328 1608 a
1340 1555 1393 1608 Pa-

273 1653 400 1706 triarcha
418 1648 622 1716 Babylonensi,
637 1645 686 1714 qui
705 1645 736 1697 in
755 1645 819 1711 ipsa
838 1645 872 1696 ob
891 1643 1106 1696 multitudinem
1122 1643 1247 1696 fidelium
1268 1635 1298 1696 et
1315 1645 1392 1713 adja-

272 1744 395 1796 centium
413 1755 548 1808 pagorum
576 1737 667 1802 magis
692 1751 775 1802 quam
793 1733 922 1800 Bagdadi
938 1733 1301 1800 residet,administratur.
1324 1735 1392 1786 Euit
1498 1765 1499 1768 =

273 1832 428 1900 aliquando
445 1830 608 1898 Adjabenae
627 1843 676 1880 sen
694 1825 844 1879 Arbelenai
872 1826 1014 1877 Ecclesiae
1042 1825 1212 1892 conjuncta,
1233 1825 1393 1891 aliquando

273 1939 340 1976 varo
359 1923 394 1974 ab
414 1935 447 1972 ea
466 1918 570 1972 divisa.
590 1917 678 1969 Juxta
696 1915 823 1967 tabulam
837 1913 918 1966 Eliae
928 1914 1094 1966 Damasceni
1103 1915 1317 1982 Metropolitae,
1332 1931 1393 1966 sae-

274 2015 335 2067 culo
348 2011 399 2080 lx,
414 2010 539 2063 habebat
557 2021 607 2060 sex
626 2006 805 2072 episcopatus
825 2005 977 2072 subjectos.
997 2003 1071 2056 Sunt
1087 2004 1170 2084 hodie
1183 2005 1213 2056 in
1227 2006 1395 2058 Mossulana
1502 1974 1504 2052 *r

276 2102 396 2156 civitate
415 2099 549 2165 Syrorum
563 2096 661 2162 etiam,
680 2097 738 2146 tam
758 2093 967 2146 Catholicorum
980 2093 1138 2160 Unitorum,
1154 2109 1237 2159 quam
1250 2094 1394 2147 Jacobita-
1504 2096 1505 2108 ¹

276 2207 338 2246 rum
357 2188 501 2242 Ecclesiae
520 2189 549 2238 et
566 2184 734 2237 Antistites.

344 2276 386 2353 (3)
404 2281 489 2332 Ultra
507 2274 745 2343 Mesopotamiam,
757 2273 864 2340 primae
885 2273 1008 2325 omnium
1031 2273 1140 2326 Persici
1161 2275 1255 2339 Regni
1274 2277 1393 2342 provin-

276 2371 390 2436 ciarum,
404 2367 550 2438 AdJabene
570 2368 599 2418 et
617 2364 753 2417 Elamitis
778 2362 859 2414 iidem
882 2363 1074 2416 Christianam
1098 2365 1342 2432 quamcitissime,
1363 2367 1395 2418 in

274 2462 347 2530 ipsis
366 2459 476 2513 scilicet
494 2455 639 2509 nascentis
653 2453 794 2506 Ecclesiae
808 2453 981 2521 primordiis,
997 2457 1193 2522 susceperunt.
1213 2455 1248 2507 Id
1262 2459 1346 2522 patet
1358 2473 1394 2509 ex

276 2555 435 2617 martyrum
455 2561 579 2614 numero,
594 2547 645 2613 qui
662 2547 713 2598 snb
726 2545 830 2612 Sapore
849 2546 927 2612 passi
953 2548 1029 2611 sunt,
1051 2550 1134 2598 etex
1154 2545 1304 2599 Sozomene
1325 2547 1395 2600 scri-

276 2642 360 2694 bente
378 2634 444 2713 (lib.
459 2639 486 2690 2.
507 2654 530 2690 c.
547 2631 605 2709 12.)
624 2636 657 2688 de
675 2635 821 2704 Adjabene
842 2655 855 2682 e
869 2635 938 2688 haec
956 2634 1085 2688 Persidis
1107 2637 1187 2700 regio
1206 2639 1251 2688 est
1269 2639 1396 2692 maxima

277 2744 311 2782 ex
331 2731 411 2795 parte
424 2744 441 2779 a
451 2725 626 2780 (ibrietianis
644 2725 785 2777 habitata.
801 2745 813 2772 n
833 2723 939 2776 Arbela
954 2725 1053 2790 itaque
1066 2723 1277 2793 Adjabenorum
1289 2728 1395 2779 Metro-

277 2817 352 2885 polis
372 2834 388 2870 a
406 2819 483 2884 Papa
501 2815 644 2868 Seleuciae
663 2815 797 2882 Primate,
812 2815 887 2867 circa
904 2815 1023 2867 Nicaeni
1036 2813 1159 2868 Concilii
1172 2819 1313 2886 tempora,
1329 2833 1395 2871 con-

278 2909 384 2962 stituta
401 2907 475 2973 init,
497 2921 579 2972 quum
598 2908 683 2958 antea
702 2903 787 2959 Sedes
805 2905 975 2972 episcopalis
998 2909 1110 2959 tantum
1129 2909 1216 2973 esset,
1237 2909 1317 2975 cnjus
1337 2908 1396 2961 An-

278 3000 364 3051 tistes
380 2995 516 3063 Assyrios
535 2994 750 3064 Adjabenosque
770 2997 838 3048 olim
857 2997 985 3060 regebat.
1006 2996 1096 3059 Quum
1109 3013 1177 3049 vero
1191 3013 1225 3048 ex
1238 2997 1331 3050 ruinis
1345 2999 1397 3050 Ni-

279 3086 416 3142 niviticae
437 3085 532 3152 Urbis,
553 3085 594 3137 cis
612 3085 850 3152 Mesopotamiam,
873 3087 967 3152 ampla
985 3087 1091 3138 civitas
1104 3088 1211 3140 Mausel
1226 3103 1273 3140 seu
1286 3087 1396 3141 Mossul

281 3176 517 3242 consurrexisset,
540 3175 755 3242 episcopatuque
775 3177 895 3242 primum
909 3179 991 3228 aucta
1010 3175 1123 3244 luisset,
1146 3176 1212 3229 dein
1231 3179 1396 3244 metropoli-

278 3267 345 3321 ticis
365 3266 471 3319 donate
488 3265 673 3332 privilegiis,
695 3265 849 3331 aliqnando
868 3265 1057 3334 Abjebenicae
1086 3266 1152 3320 Sodi
1174 3266 1232 3319 iuit
1250 3269 1394 3336 praelata,

279 3354 432 3423 aliquando
451 3353 541 3407 eidem
559 3353 603 3405 ita
621 3354 772 3421 conjuncta
783 3393 789 3419 ,
809 3357 841 3406 ut
859 3369 931 3405 unns
950 3352 1081 3420 idemque
1107 3356 1291 3422 Metropolita
1312 3356 1395 3410 modo

278 3443 444 3498 Arbelensis
464 3458 512 3495 seu
531 3441 731 3510 Adjabenicus,
753 3441 832 3494 modo
849 3444 1031 3496 Mausulanus
1050 3445 1080 3494 et
1091 3441 1261 3497 Atburensir
1275 3461 1325 3499 seu
1338 3445 1393 3500 As-

280 3533 375 3600 syrius
405 3532 546 3585 diceretur
567 3533 596 3585 et
618 3534 703 3584 esset.
724 3532 823 3584 Plures
849 3533 932 3585 urbes
952 3532 1125 3599 episcopales
1148 3532 1315 3587 Arbelensis
1338 3537 1397 3590 Me-

280 3621 418 3688 tropolite
436 3621 576 3688 subjectos
595 3620 720 3674 habebat
736 3625 851 3688 praeter
870 3637 926 3688 eos,
940 3637 1011 3687 qnae
1025 3621 1061 3673 ad
1073 3622 1252 3676 Provinciam
1266 3625 1396 3678 Maussu-

280 3711 376 3762 lanam
395 3709 551 3778 pertinent,
573 3709 651 3762 inter
667 3726 737 3778 quas
755 3711 786 3763 in
799 3710 922 3764 historia
935 3710 1137 3763 Chaldaeorum
1151 3714 1273 3766 emicant
1284 3714 1395 3782 Margo,

281 3800 371 3864 Tolle,
392 3799 520 3852 Maaltha
538 3799 677 3870 aliaeque.
698 3802 767 3853 Post
785 3801 962 3855 vastationes
981 3799 1064 3869 hujus
1084 3801 1227 3855 Ecclesiae
1246 3804 1397 3870 praecipue

283 3889 547 3943 aMohammedanis
565 3892 649 3944 annis
668 3890 779 3945 Christi
792 3891 860 3944 1295
881 3895 909 3945 et
923 3892 990 3944 1401
1007 3891 1107 3960 iactas,
1122 3893 1173 3947 rix
1186 3893 1219 3945 de
1233 3896 1316 3947 tanta
1329 3894 1397 3949 Pro·

283 3977 379 4032 vineis
397 3981 456 4031 tres
475 3981 522 4032 rel
542 3985 663 4048 quatuor
681 3983 747 4049 pagi
766 3982 850 4036 hodie
870 3987 1034 4050 supersunt.

351 4065 393 4145 (4)
412 4067 608 4140 Bethsstiarma,
621 4072 699 4138 regio
712 4071 858 4140 Assyriae,
870 4070 1027 4127 Arbelitidi
1045 4072 1203 4143 imminens,
1219 4074 1250 4127 in
1265 4090 1321 4141 qua
1339 4075 1398 4129 init
