3046 4756
610 283 809 351 -157-

571 555 755 626 CAPUT
783 557 848 626 IV.

319 755 446 836 Quibus
470 755 647 844 Apostolie
671 753 920 824 Chaldaeorum
942 757 1101 824 Ecclesia

380 862 513 942 Christi
536 862 623 931 Fide
646 865 776 931 imbuta
800 887 839 931 uo
863 865 1038 931 instituto.

216 1098 249 1166 l.
275 1096 478 1168 Parthicum
497 1097 697 1187 Imperium,
717 1097 777 1166 ubi
793 1097 1045 1167 Chaldaeorum
1068 1118 1269 1166 numerosae

145 1204 313 1274 ecclesiae
337 1209 372 1272 et
392 1205 507 1294 prime
531 1205 647 1289 Sedes,
673 1205 711 1272 in
740 1203 962 1274 Christianae
986 1203 1171 1294 religionis
1198 1204 1269 1293 pri·

145 1313 305 1398 mordiis,
319 1312 487 1402 Apostolo
499 1311 634 1381 Christi
650 1313 812 1399 Thomas,
832 1336 901 1380 non
918 1313 1082 1397 exclusis,
1101 1313 1139 1379 in
1155 1317 1266 1402 parte,

147 1419 231 1488 aliis
262 1419 467 1512 quibusdem
494 1421 674 1510 Apostolis
699 1422 749 1508 (1)
780 1420 970 1511 contigisse
1001 1421 1092 1512 quod
1122 1441 1268 1508 evange·

145 1528 218 1596 lica
241 1527 401 1596 doctrine
423 1528 598 1614 imbuerit,
617 1529 781 1618 Origenis
805 1528 977 1620 imprimis
1001 1535 1066 1613 est,
1081 1527 1265 1618 Syrorum,

148 1635 361 1704 Graecorum
378 1633 593 1726 aliorumque
614 1635 830 1704 documentis
851 1635 1054 1704 confirmate
1078 1641 1181 1704 vetus
1195 1639 1267 1702 tre·

148 1741 239 1811 ditio
263 1741 327 1829 (2).

215 1849 250 1916 2.
277 1846 394 1914 Prima
417 1854 533 1917 autem
556 1849 638 1919 fidei
661 1848 884 1918 Christianae
907 1849 1039 1917 semina
1062 1848 1116 1917 Ss.
1132 1847 1266 1937 Magos,

148 1957 211 2047 qui
234 1955 413 2022 Christum
436 1962 569 2041 natum,
597 1957 708 2026 Stella
731 1957 829 2041 duce,
856 1955 1038 2025 adoraturi
1062 1958 1105 2022 ab
1127 1955 1269 2023 Oriente

147 2064 186 2130 in
209 2061 424 2130 Palestinem
455 2069 645 2149 venerant,
681 2064 801 2133 Terris
824 2063 983 2132 fecundis
1012 2061 1185 2151 Majorum
1211 2084 1268 2129 no-

148 2178 303 2239 strorum
328 2171 579 2240 commiserant.
604 2173 717 2241 Hosce
739 2173 830 2240 enim
848 2171 892 2240 ad
909 2172 1019 2256 illem,
1038 2171 1132 2240 haud
1150 2169 1266 2254 dubie,

147 2279 304 2348 Orientis
326 2284 472 2368 partem,
492 2301 578 2371 quae
601 2280 646 2348 ad
669 2280 862 2348 Ecclesiam
882 2279 1145 2363 Chaldaeorum,
1164 2284 1269 2368 prout

148 2387 365 2476 exploratum
382 2392 439 2454 est
455 2387 588 2455 omnino
604 2387 768 2479 pertinet,
784 2387 874 2456 unde
896 2392 1075 2471 venerant,
1093 2407 1269 2476 regressos

148 2494 329 2562 Christum
352 2494 426 2562 suis
444 2495 636 2580 nuntiasse,
660 2519 701 2563 ex
726 2495 931 2586 evangelica
955 2493 1117 2580 historia,
1137 2498 1268 2563 certum

150 2625 227 2670 esse
247 2599 359 2670 debet.

216 2709 250 2778 3.
275 2709 407 2778 Verum
430 2711 575 2780 maxime
600 2712 747 2782 interest
763 2711 1013 2801 gravissimum
1029 2711 1135 2779 istum
1152 2711 1189 2778 in
1204 2711 1266 2780 Hi·

148 2818 262 2888 storia
283 2817 460 2887 Ecclesiae
474 2820 624 2888 Nostrae
646 2821 822 2890 Eventum
846 2819 965 2908 paullo
988 2819 1144 2910 penitius
1166 2841 1266 2908 expo·

148 2948 243 3010 nere,
262 2930 297 2993 et
320 2924 525 2994 certissimis
549 2927 849 2996 constantissimae
864 2926 1071 2996 Nostratum
1094 2924 1268 2993 Traditio-

147 3034 206 3101 nis
234 3033 447 3101 documentis
471 3033 688 3104 collustrare.
719 3034 819 3103 Unde
842 3033 975 3123 patebit
1000 3038 1041 3117 ἀ)
1066 3031 1129 3100 SS.
1147 3032 1269 3121 Magos

148 3139 293 3230 perinde
320 3139 390 3208 dici
413 3145 449 3208 et
470 3161 545 3208 esee
572 3141 696 3209 Persas
718 3162 759 3209 ac
782 3139 975 3210 Chaldaeos
1006 3138 1062 3207 vel
1085 3138 1267 3228 Assyrios:

148 3254 257 3340 atque
281 3248 315 3333 b)
337 3247 418 3316 illos
440 3247 563 3316 missos
586 3248 695 3316 luisse
711 3270 732 3314 a
749 3246 891 3316 Perside
915 3267 1023 3337 aeque
1045 3267 1086 3314 ac
1101 3246 1268 3336 abAssy-

150 3353 217 3423 rie:
243 3358 273 3442 c)
290 3337 491 3447 eosdemque
514 3379 596 3425 vere
619 3354 730 3424 fuisse
754 3355 829 3424 suis
851 3343 1095 3422 Conterraneis
1114 3354 1267 3423 Nuntios

149 3463 264 3548 Pacis,
286 3469 321 3532 et
343 3463 532 3553 Evangelii
557 3464 703 3549 Salutis,
725 3463 865 3534 Christo
881 3483 1000 3553 puero,
1027 3483 1087 3552 per
1109 3465 1267 3551 Mariam,

150 3570 202 3640 sic
226 3571 399 3640 divinitus
426 3559 641 3662 disponente.
671 3573 749 3663 Age
772 3595 865 3642 nunc

216 3679 413 3748 Audiamus
437 3680 469 3748 1.
494 3680 676 3750 Nersetem
699 3681 760 3773 qui
782 3681 830 3769 A)
853 3682 891 3749 in
908 3688 1062 3775 poemate
1082 3685 1123 3754 de
1146 3685 1270 3756 Natali

149 3803 290 3874 Domini
312 3804 397 3874 haec
420 3805 702 3898 eloquentissime
718 3807 817 3878 docet
843 3797 948 3897 leil-2
978 3799 1058 3897 equi-
1080 3811 1138 3887 5?ss
1157 3796 1270 3883 βω

220 4065 265 4145 (1)
282 4070 396 4124 Etenim
414 4072 527 4138 praeter
544 4069 677 4124 'thomam
696 4087 731 4125 ex
749 4073 816 4126 XII.
837 4074 939 4127 Petrus
960 4089 1072 4143 quoqne
1102 4078 1131 4128 et
1149 4075 1270 4130 Bartho-

150 4163 293 4228 lomaeus,
315 4164 345 4213 et
371 4160 532 4214 Matthaeus
559 4163 588 4212 et
605 4160 693 4236 Judas
719 4164 819 4216 Jeoobi
838 4164 981 4230 'Syrorum
1010 4165 1270 4235 Chaldaeorumque

149 4250 280 4319 Apostoli
300 4251 453 4304 traduntur
469 4245 543 4323 (Clr.
563 4249 591 4304 S.
612 4250 640 4304 S.
660 4250 769 4326 desem.
790 4254 822 4307 B.
844 4255 874 4310 0.
896 4258 919 4310 t.
940 4256 966 4309 3.
987 4271 1049 4325 par.
1070 4258 1169 4326 apag.
1189 4251 1229 4329 4).

220 4336 265 4415 (2)
281 4340 362 4409 Apud
380 4342 531 4394 Eusebium
550 4341 587 4395 Η.
606 4341 639 4395 Ε.
661 4343 682 4394 l.
702 4343 730 4395 3.
751 4359 774 4396 c.
797 4345 822 4399 1.
