3056 4756
777 242 954 309 ..94-

302 369 401 437 beret
423 389 574 436 sensum:
593 367 643 435 Et
664 367 881 459 ineptissime
896 369 1005 437 Roma
1021 375 1123 439 tanta
1138 370 1245 440 verba
1265 371 1421 463 loquens,

303 482 339 544 et
362 475 462 567 quasi
484 474 672 545 Oraculum
691 477 932 566 propheticum
949 478 1151 567 praedicens
1166 479 1250 547 adeo
1266 479 1424 548 solemni-

303 588 358 651 ter
381 583 419 649 in
441 583 592 650 medium
614 585 871 654 traduceretur.
898 585 976 654 Huc
1000 609 1134 677 quoque
1157 593 1355 676 pugnarent
1370 608 1424 654 ra-

303 691 416 758 tiones
432 715 466 758 n.
479 691 510 759 1.
530 697 566 760 et
583 692 616 759 2.
633 692 706 782 jam
721 692 863 762 allatae.
879 693 967 777 Quo,
988 693 1137 779 demum,
1156 717 1292 785 quaeso,
1311 699 1425 784 pacto,

306 821 417 889 quave
447 799 595 866 fidentia
629 800 894 870 aNestorianis
926 802 1126 870 crederetur
1152 803 1310 871 Ecclesia
1342 803 1427 871 Uni·

306 906 454 975 versalis
480 908 704 976 immaculata
726 909 979 998 perduratura,
1007 910 1037 977 si
1062 911 1284 978 concederent
1305 910 1427 979 Eccle-

306 1014 393 1082 siam
409 1014 564 1104 ejusdem
579 1015 769 1106 principem
780 1023 816 1086 et
830 1017 989 1102 Matrem,
1004 1018 1041 1084 in
1057 1040 1126 1109 qua
1142 1020 1268 1110 ubique
1283 1017 1428 1108 ipsimet

305 1129 467 1190 asserunt
496 1123 696 1191 cathedram
720 1124 884 1193 veritatis
907 1132 942 1194 et
966 1125 1226 1193 fundamentum
1249 1125 1351 1193 Fidei
1372 1123 1428 1214 ja-

306 1253 402 1315 cere,
428 1231 465 1298 in
495 1231 621 1322 quibus
650 1232 804 1320 praecise
834 1233 983 1300 firmitas
1014 1232 1167 1322 ejusdem
1191 1240 1226 1302 et
1248 1234 1287 1300 in
1311 1239 1425 1301 aeter-

306 1361 388 1404 num
418 1337 675 1406 invincibilitas
706 1340 892 1425 consistit,
924 1341 954 1407 si
985 1341 1229 1424 concederent,
1259 1341 1425 1432 inquam,

279 1497 283 1505 .
306 1445 395 1513 hanc
418 1445 611 1513 Ecclesiam
634 1446 781 1515 Matrem
805 1469 903 1538 posse
923 1448 960 1516 in
977 1448 1129 1518 Satanae
1145 1453 1351 1539 potestatem
1368 1473 1428 1517 ve-

306 1553 382 1622 nire
406 1559 441 1621 et
463 1553 599 1621 haeresi
621 1554 814 1622 maculari?
839 1558 1125 1648 Quoquoversum
1150 1557 1272 1648 itaque
1300 1562 1429 1626 vertas

307 1660 546 1729 testimonium
573 1662 669 1731 istud
696 1663 967 1750 celeberrimum,
998 1665 1184 1734 concludas
1199 1671 1356 1755 oportet:
1383 1689 1428 1733 ex

306 1776 418 1836 mente
444 1770 730 1839 Nestorianorum
761 1773 901 1861 probari
923 1773 1099 1842 Ecclesiae
1128 1775 1302 1842 Romanae
1329 1773 1428 1842 inde-

307 1875 567 1945 fectibilitatem
592 1877 634 1960 Q.
649 1877 692 1946 E.
708 1878 751 1946 D.

804 2162 836 2237 ἓ.
855 2155 920 2223 ΙΧ.

113 2443 244 2492 nselmum
256 2456 294 2490 a·-
373 2420 416 2488 In
436 2422 509 2510 jam
524 2421 677 2511 allegato
695 2423 857 2513 superius
881 2447 911 2492 c.
927 2424 959 2491 2.
978 2431 1010 2506 ᾖ.
1025 2423 1075 2491 X.
1093 2443 1136 2490 ex
1152 2419 1315 2511 Epistola
1334 2422 1431 2489 Arae

82 2514 228 2570 gementum
269 2511 295 2560 et

83 2575 184 2634 quidem
224 2576 294 2624 dire-

309 2527 442 2597 Vicarii
461 2529 616 2598 Orientis
635 2531 988 2623 Nestorianorumquo
1001 2530 1228 2599 Patriarohae
1245 2530 1430 2599 documen·
1519 2605 1520 2608 Ἴ

83 2641 152 2686 atum
174 2638 204 2686 (10
220 2644 291 2687 som.
306 2641 355 2720 to,
367 2636 499 2704 clarum
514 2637 664 2707 habetur
680 2662 742 2728 pro
758 2639 955 2708 inerrantia
969 2637 1169 2728 Magisterii
1180 2639 1327 2706 Romani
1339 2639 1432 2706 Pon·

83 2704 213 2754 Pontificis
237 2721 294 2754 me-

84 2767 295 2824 gisteriiinerran-
308 2742 414 2811 tifiois
438 2743 621 2813 confessio.
640 2745 735 2814 Haec
758 2743 849 2813 enim
873 2744 911 2811 in
933 2744 1051 2812 eadem
1066 2743 1227 2834 Epistola
1242 2744 1427 2833 leguntur:
1519 2763 1520 2820 ἕ

81 2829 296 2942 ξξαξῑνξῇζξοξ
311 2877 327 2913 u
342 2849 441 2917 Patri
464 2851 621 2935 Petrum,
639 2852 764 2921 Decori
780 2852 976 2936 Pastorum,
995 2851 1086 2920 fonti
1102 2851 1259 2940 pietatis,
1274 2851 1430 2948 perfeeto

81 2956 178 3067 {1533
181 2960 296 3068 atpietl'gs
309 2959 347 3021 ta
372 2955 514 3039 divinis,
533 2959 713 3024 excellenti
736 2961 773 3024 ia
796 2959 1056 3048 spiritualibus,
1083 2981 1153 3025 sonr
1176 2980 1358 3042 rusurrran,
1374 2983 1430 3026 cu-

82 3084 363 3194 pp'spppatuscNe-JUS
386 3086 451 3129 Lux
475 3087 597 3132 omum
620 3088 723 3132 SUPER
746 3089 896 3138 QUATUOR
917 3089 1023 3132 MUNDI
1047 3088 1202 3150 OLIMATA,
1223 3089 1277 3137 0111
1299 3088 1428 3151 Lucan,

83 3159 122 3193 ΕΟ
148 3160 211 3194 dnae
248 3159 296 3193 om·

83 3195 350 3257 muniontsnomt-E‘f
375 3195 538 3240 sensunnr
562 3196 598 3239 nu
621 3197 782 3241 accensus
805 3196 993 3241 carrionem
1018 3196 1208 3241 sarona...
1231 3174 1350 3261 posita
1373 3179 1431 3242 est
1519 3219 1520 3258 4

82 3272 347 3383 ssgoleffi{fffi‘111{,²]in
370 3279 528 3346 manibus
552 3279 682 3362 vestris
712 3302 873 3347 rornsrns
904 3279 1041 3368 ligandi
1071 3283 1175 3370 atque
1206 3277 1366 3347 solvendi
1397 3294 1432 3344 et

84 3410 126 3445 an.
145 3400 214 3446 1247·
310 3412 441 3456 currum
464 3411 747 3456 transmeatu.»
773 3388 932 3456 Profecto
959 3386 1117 3454 errantia
1139 3385 1176 3453 in
1200 3385 1360 3454 doctrina
1385 3386 1430 3454 de

310 3496 377 3564 fide
402 3495 458 3563 vel
482 3495 634 3562 moribus
656 3495 780 3585 nequit
802 3495 959 3583 componi
990 3517 1065 3562 cum
1085 3485 1291 3582 ¹hujusmodi
1317 3494 1429 3560 nomi·
1519 3555 1520 3562 ,

310 3605 433 3688 nibus,
459 3609 495 3670 et
507 3593 650 3688 'officiis3
676 3624 786 3693 neque
810 3601 871 3692 qui
893 3606 947 3668 est
971 3601 1033 3666 tua
1056 3605 1170 3690 potest
1193 3599 1357 3668 devenire
1383 3616 1431 3666 te-

311 3713 444 3796 nebrae,
459 3717 523 3780 aut
535 3712 596 3803 qui
611 3715 707 3780 tenet
714 3724 918 3799 potestatem
933 3713 1080 3776 omnium
1097 3711 1334 3800 mysteriorum
1350 3733 1431 3778 con·

312 3821 435 3888 fundet
451 3843 571 3888 verum
591 3841 667 3887 cum
686 3818 788 3902 falso,
809 3823 845 3887 et
865 3818 902 3886 in
912 3833 1114 3907 potestatem
1142 3820 1211 3884 aive
1235 3819 1434 3885 servitutem

313 3931 460 3994 omnium
486 3927 697 3993 tenebrarum
716 3926 981 4015 praecipitabit.
