3046 4756
270 306 421 376 cultores
446 305 600 376 Francos
629 308 666 375 in
686 309 826 379 Oriente
853 312 994 402 passim,
1020 314 1166 382 Latinos
1189 312 1276 382 alibi
1301 337 1391 381 oom-

269 414 421 483 mnniter
431 415 685 505 appellariiSic
699 417 804 486 etiam
820 420 917 489 modo
928 421 1170 490 Protestantes
1186 421 1222 488 in
1232 421 1387 505 Oriente,

270 523 454 611 indigenae
469 523 565 608 licet,
584 525 721 592 nomine
739 527 938 615 Anglorum
961 529 1018 598 vel
1034 528 1321 598 Americanorum
1336 527 1390 596 di-

270 631 527 719 stinguuntur,
548 636 583 700 et
606 631 802 701 Christiani
826 634 862 702 S.
879 635 1029 705 Thomae
1053 637 1090 705 in
1113 636 1281 721 Malabar,
1307 637 1391 704 Indi

270 737 373 821 licet,
399 738 707 808 denominationem
730 741 984 812 Chaldaeorum
1011 745 1087 814 sive
1111 745 1280 834 Syrorum
1306 767 1391 834 prae

271 868 307 912 se
331 846 461 914 ferunt.
481 845 554 914 Ima
577 870 699 916 nomen
721 847 806 938 Syri
830 851 867 917 in
889 851 1015 941 lingua
1031 853 1173 942 syriaca
1195 853 1270 921 sive
1294 852 1391 920 chal-

272 953 371 1021 daica
383 954 538 1043 vulgari,
558 954 648 1023 idem
662 962 762 1024 sonat
777 979 818 1026 ae
833 957 1055 1028 Christicola.
1074 961 1179 1029 Hisce
1194 961 1315 1052 itaque
1331 983 1392 1051 po-

271 1060 370 1145 sitis,
398 1062 543 1130 mutatis
563 1063 637 1152 jam
660 1065 838 1154 adjunctis
865 1066 903 1133 in
926 1089 964 1134 re
982 1073 1101 1136 nostra
1126 1067 1389 1152 ecclesiastica,

270 1189 338 1234 non
354 1167 525 1238 immerito
543 1169 653 1258 Syros
668 1177 840 1262 nostrates
857 1171 892 1241 h.
911 1195 941 1240 e.
960 1173 1168 1260 Orientales,
1183 1174 1388 1258 Chaldaeos,

271 1295 455 1366 eorumque
466 1275 624 1365 linguam
645 1277 859 1346 chaldaicam
872 1280 1072 1370 appellandi
1084 1304 1169 1350 usus
1178 1283 1250 1372 jam
1266 1288 1320 1350 est
1335 1307 1390 1350 re-

271 1388 401 1472 ceptus,
420 1383 642 1476 invaluitque
666 1392 741 1454 tum
765 1387 803 1455 in
825 1387 976 1456 Actibus
999 1389 1216 1458 authenticis
1240 1391 1277 1460 S.
1295 1392 1391 1480 Apo-

271 1487 414 1558 stolicae
431 1491 543 1589 Sedisc,
568 1499 642 1560 tum
658 1493 745 1564 alibi
769 1518 904 1587 quoque
920 1497 1124 1585 generatim.
1150 1498 1216 1566 Cui
1236 1497 1390 1587 appella·

270 1596 371 1682 tioni,
382 1597 486 1666 etiam
500 1621 542 1667 ex
557 1601 652 1668 infra
668 1601 823 1671 dicendis
839 1604 882 1671 de
897 1603 984 1672 Sede
997 1605 1165 1694 primaria
1181 1612 1216 1674 et
1229 1606 1388 1675 Petrian-

271 1705 365 1774 chali
381 1705 489 1796 hujus
511 1706 701 1794 Ecclesiae,
717 1709 830 1799 majus
851 1713 963 1802 juset
982 1711 1038 1781 vis
1055 1713 1205 1782 accedet.

766 2039 797 2114 ᾖ.
817 2030 885 2099 ΙΙΙ.

434 2255 485 2321 De
508 2253 756 2322 Chaldaeorum
780 2257 922 2346 linquae
947 2255 1221 2345 praeroaativia,

690 2378 721 2430 et
745 2366 970 2455 antiquitate.

336 2607 423 2676 Heio
451 2629 523 2676 non
545 2609 605 2676 abs
628 2631 665 2676 re
688 2610 758 2678 erit
780 2609 892 2676 obiter
915 2608 1098 2676 adnotasse
1123 2607 1217 2676 circa
1240 2607 1389 2675 eundem

270 2737 458 2784 sermonem
480 2716 912 2785 Aramaeo-Chaldaicum:

335 2822 364 2890 I.
385 2821 483 2910 Ipso,
505 2829 589 2891 tunc
604 2823 769 2913 temporis
790 2822 828 2891 in
845 2822 1045 2890 Palaestina
1060 2821 1258 2904 vernaculo,
1286 2842 1388 2888 neum

270 2931 380 3000 fuisse
410 2930 587 3000 Christum
618 2932 815 3019 Dominum,
846 2933 887 3001 Β.
907 2931 1111 3021 Virginem,
1142 2935 1178 2999 et
1205 2929 1269 2999 SS.
1294 2929 1388 3020 Apo·
1521 2917 1522 3006 l

270 3037 393 3122 etolos:
420 3037 585 3106 Sanctum
608 3043 723 3116 autem
737 3039 954 3108 Matthaeum
971 3062 1033 3128 pro
1048 3038 1216 3107 Hebraeis
1237 3036 1388 3106 conseri·

269 3147 403 3214 bentem
417 3145 517 3214 Evam
521 3146 652 3234 galium
664 3147 781 3215 eadem
795 3147 920 3236 lingua
935 3147 971 3215 id
984 3147 1108 3215 fecisse
1124 3143 1269 3214 invictis
1281 3166 1387 3232 argu-

270 3254 394 3323 mentis
410 3259 446 3323 et
467 3253 632 3344 exemplis
648 3253 823 3340 adductis,
840 3276 943 3344 pones
958 3255 1160 3344 Philologos
1174 3259 1387 3342 compertum

269 3385 354 3432 esse.

335 3471 384 3540 II.
412 3471 488 3554 Quo
505 3493 586 3541 vero
603 3491 756 3540 sermone
774 3469 928 3539 Verbum
948 3470 1059 3540 Carne
1081 3471 1242 3538 indutum
1258 3491 1385 3553 usum,

269 3581 387 3649 eodem
404 3579 569 3671 primitus
586 3603 663 3649 cum
678 3579 989 3670 Protoparentibus
1007 3578 1138 3646 nostris
1155 3577 1268 3668 ipsum
1284 3576 1388 3644 collo-

269 3693 416 3779 quutum
434 3688 597 3774 fuisse,in
620 3689 788 3758 Paradiso
803 3688 912 3772 Eden,
933 3692 1053 3756 nostro
1069 3685 1146 3756 scil.
1169 3685 1307 3775 syriaco
1323 3707 1388 3754 seu

270 3797 467 3883 aramaico,
495 3803 656 3867 constans
671 3804 725 3866 est
748 3796 981 3865 Orientalium
997 3795 1171 3864 Traditio:
1196 3794 1245 3863 Et
1267 3815 1350 3863 sane

334 3905 366 3974 1.
392 3905 434 3973 In
465 3905 588 3976 Codice
611 3905 814 3975 Amadiensi
838 3904 1020 3996 inscripto:
1037 3905 1177 3973 Scholia
1201 3908 1238 3969 ia
1260 3905 1387 3971 Pauta-

272 4015 435 4096 teuchum,
462 4026 649 4105 ceterosque
663 4013 700 4082 V.
716 4015 756 4082 F.
777 4013 895 4096 libros,
914 4013 1053 4080 collecta
1069 4037 1109 4080 eu
1127 4015 1384 4102 interpretatio·

267 4120 367 4184 uibus
390 4119 432 4187 Β.
462 4116 625 4186 Theodori
653 4133 684 4185 et
708 4121 957 4186 commentariis
978 4121 1139 4209 Syrorum
1153 4144 1163 4184 .·
1177 4120 1383 4208 Ephraemi,

270 4223 346 4293 scil.
366 4224 522 4306 Ioaaaie,
548 4225 739 4292 Abrahauu'
756 4227 1068 4310 Bet-raddaueatic,
1089 4225 1272 4294 Michaelis
1288 4240 1320 4292 et
1337 4251 1386 4293 ce·
