3046 4756
736 123 938 192 -194-

282 248 527 341 providissime
562 256 598 320 et
632 250 926 341 opportunissime
960 251 1210 344 respondente,
1244 255 1402 345 clarius,

283 345 517 443 enucleatius,
551 364 588 427 et
615 358 825 449 dogmatice,
857 360 1033 428 incassum
1060 359 1145 430 licet
1175 362 1406 436 frementibus

281 467 394 535 Inferi
417 466 543 556 portis,
569 473 653 534 sunt
675 467 842 552 sancitae,
863 472 898 534 et
921 467 1092 536 decretae.
1118 468 1167 537 Et
1187 469 1261 559 jam
1283 472 1406 544 Eccle-

283 575 337 644 sia
369 574 569 660 Catholica,
595 581 663 666 qua
686 573 813 659 oritur,
843 579 912 665 qua
935 574 1065 668 occidit
1092 574 1168 662 Sol,
1193 577 1403 668 plaudente,

282 685 324 752 B.
350 682 448 752 Petri
478 705 655 751 successor
688 683 877 773 Supremas
909 683 1063 750 omnium
1088 682 1225 752 Christi
1247 686 1407 758 fidelium
1495 706 1496 780 f

283 792 488 883 Episcopus,
515 798 618 882 atque
642 812 758 860 errore
781 790 949 859 immunis
971 790 1141 880 Magister
1157 794 1404 882 praedicaturi

351 896 536 968 Secundam
566 898 720 987 ejusdem
752 899 911 968 Nationis
941 897 1194 969 Chaldaeorum
1223 925 1280 970 res
1302 903 1406 974 Chri·

284 1007 428 1092 stianes,
455 1007 549 1092 olim,
573 1007 801 1100 quantumvis
825 1007 1033 1076 Schismatis
1056 1007 1216 1078 detentae
1235 1011 1403 1097 vinculis,
1496 1040 1497 1074 r

283 1117 368 1186 adeo
390 1117 595 1205 conspicuas
619 1121 654 1183 et
676 1138 880 1206 prosperas,
906 1115 1009 1184 hodie
1040 1121 1179 1202 contra,
1206 1118 1274 1186 etsi
1296 1119 1407 1188 Unio-

284 1224 340 1292 uis
364 1222 521 1291 beneficii
544 1221 674 1312 partim
697 1222 861 1308 laetatae,
888 1222 1013 1290 misere
1036 1222 1265 1292 nihilominus
1289 1225 1407 1297 adhuc

285 1333 549 1422 languescentes
583 1329 796 1420 ignaviaque
830 1329 1072 1415 tabescentes,
1107 1332 1407 1402 commiseratione
1497 1372 1498 1410 r

284 1439 552 1531 prosequendas,
578 1438 762 1523 curandas,
785 1437 1031 1524 meliorandas,
1050 1439 1220 1529 implicite
1235 1439 1332 1525 lieet,
1351 1447 1408 1510 at-

285 1547 407 1638 tingit,
429 1552 464 1615 et
486 1545 665 1635 Religioso
689 1546 906 1637 benignoque
920 1546 1061 1617 Lectori
1077 1546 1177 1638 quasi
1193 1547 1348 1637 porrigit
1369 1555 1410 1618 et

285 1656 446 1725 devovet.

351 1763 523 1856 Equidem
551 1763 671 1852 jacent
701 1765 808 1832 ferme
838 1763 1009 1856 hodieque
1035 1763 1290 1834 Chaldaeorum
1313 1765 1407 1851 filii,
1498 1757 1499 1764 '

160 1933 164 1944 „
285 1869 477 1940 Abrahami
511 1875 693 1959 parentes,
719 1876 920 1939 sanctorum
949 1869 1131 1960 Magorum
1164 1873 1408 1958 conterranei,

283 1979 421 2069 jacenti
456 1979 527 2062 Qui
549 1999 674 2067 magno
698 1978 779 2046 olim
807 1978 896 2047 clari
919 1978 1083 2068 imperio,
1110 1978 1274 2048 clariores
1298 1980 1411 2048 etiam
1499 2040 1500 2074 ,

287 2111 348 2177 per
383 2087 534 2179 quinque
566 2088 770 2156 nominatim
804 2087 922 2178 priora
950 2086 1148 2176 Religionis
1182 2087 1411 2158 Christianae

287 2195 437 2281 saecula,
462 2195 562 2280 Fide,
587 2196 735 2285 inclytis
757 2196 972 2286 Majoribus,
987 2195 1247 2264 innumerorum
1268 2195 1410 2285 Marty-

287 2328 365 2372 rum
387 2303 589 2394 triumphis,
616 2303 846 2394 plurimorum
870 2303 1077 2372 Praesulum
1100 2307 1136 2372 et
1157 2303 1411 2372 Monachorum
1500 2379 1501 2398 χ

287 2413 361 2481 nelo
385 2418 421 2480 et
444 2411 632 2482 sanctitate
655 2413 839 2481 exstiteret
1500 2403 1501 2414 ¹

353 2521 501 2590 Interim
523 2519 562 2587 hi
585 2527 679 2603 sunt,
706 2521 778 2612 qui,
798 2520 880 2589 dum
903 2519 1047 2588 meliora
1070 2523 1147 2589 fata
1169 2542 1190 2587 a
1213 2520 1281 2590 Dei
1303 2520 1410 2590 Mise-

287 2629 451 2715 ricordia,
477 2630 622 2722 ejusque
645 2631 682 2698 in
705 2631 811 2699 terris
827 2630 932 2700 Vices
947 2630 1112 2699 Gereatis
1135 2631 1315 2720 auspiciis,
1338 2631 1412 2700 sibi

288 2731 470 2829 spondent,
492 2739 638 2830 'propria
661 2739 787 2834 Gentis
810 2739 1035 2825 Documenta,
1054 2762 1096 2807 ex
1120 2763 1262 2808 suorum
1285 2763 1412 2830 nempe

287 2869 432 2917 avorum
455 2853 491 2915 et
514 2847 862 2936 consanguineorum,
879 2853 952 2915 esto
974 2846 1288 2932 schismaticorum,
1307 2846 1411 2916 lucu·

288 2956 518 3040 brationibus,
545 2955 586 3024 de
610 2955 752 3024 sublimi
768 2955 869 3024 Sedis
884 2957 1059 3024 Romanae
1074 2955 1294 3046 Principatu,
1314 2957 1411 3046 ejus-

288 3064 431 3155 demque
443 3064 592 3132 Dotibus
607 3062 818 3149 testimonia,
830 3064 868 3131 in
886 3087 955 3132 uuo
968 3062 1144 3133 volumine
1161 3063 1413 3153 comprehensa

288 3177 324 3240 et
346 3171 540 3256 illustrata,
567 3171 604 3238 in
619 3169 757 3238 humile
780 3195 865 3260 erga
884 3171 1026 3240 eandem
1046 3192 1180 3240 sacram
1196 3170 1411 3242 Cathedram

288 3280 517 3371 obsequium,
535 3280 632 3368 grati
654 3279 762 3346 animi
789 3286 1062 3364 monumentum,
1088 3279 1266 3368 publicum
1290 3280 1407 3346 obser-

288 3387 433 3459 vantiae
455 3387 731 3478 Deuotionisque
754 3393 1011 3477 argumentum,
1030 3388 1148 3455 intimi
1170 3387 1300 3455 doloris
1323 3409 1412 3476 prae

289 3494 521 3578 exsecrandis,
547 3493 584 3561 in
608 3515 696 3584 quae
718 3493 801 3583 Ipsa
824 3494 982 3578 offendit,
1001 3493 1178 3582 adjunctis
1205 3497 1241 3561 et
1263 3492 1410 3561 sacrile-

289 3603 345 3694 gis
368 3601 526 3690 injuriis,
545 3600 848 3690 significationem,
871 3604 953 3667 meio
972 3601 1128 3667 manibus
1151 3599 1321 3668 cohibent.

355 3710 382 3778 0
405 3733 457 3778 me
473 3732 556 3801 ergo
572 3710 804 3795 fortunatum,
818 3709 887 3796 cui,
905 3715 1145 3800 temporetam
1161 3707 1309 3794 infelici,
1329 3713 1411 3776 tan-

288 3828 347 3890 tus
369 3820 529 3889 favor-
545 3825 586 3888 ut
609 3818 757 3887 scilicet:
781 3841 843 3908 per
866 3841 919 3886 me
939 3818 976 3887 id
987 3818 1218 3908 ,perficeretur
1241 3823 1276 3885 et
1301 3817 1407 3886 offer-

289 3935 387 3997 retur
403 3967 447 3980 —-
463 3932 556 3995 sorte
579 3925 769 3994 invidenda
792 3925 920 4015 obtigit
935 3926 942 3992 l

355 4035 515 4106 Ceterum
538 4039 764 4103 memoratum
793 4031 1120 4102 lucubratiunculae
1147 4030 1255 4121 hujus
1277 4029 1411 4121 duplex

290 4142 546 4232 Argumentum
570 4140 656 4231 quin
679 4161 843 4229 generoso
866 4139 991 4231 cuique
1010 4138 1088 4210 viro
1107 4135 1303 4228 jucundum
1334 4159 1411 4207 esse
