3046 4756
563 217 608 230 -
631 179 695 247 151
718 220 763 230 -

97 304 134 371 7.
148 303 355 372 Halevanae
372 325 432 372 seu
445 303 622 375 Helcehee
634 307 725 393 (1).-
739 307 772 373 8.
791 305 946 374 Persidis
963 307 1052 394 (2).-
1068 309 1101 378 9.
1118 310 1220 380 11000

101 663 214 716 (lercha
232 679 282 716 000
301 662 435 730 oppidum
453 663 698 731 Beth-Seleuciae,
714 680 750 732 qn
772 665 832 718 eim
843 667 943 718 tabula
959 665 1040 720 Elias
1058 667 1224 720 Damasceni

103 755 129 804 6.
143 755 290 821 001000οο0
311 753 504 818 suffraganeos
523 759 662 820 numerat,
685 755 816 807 00100010
837 759 881 808 est
901 757 974 808 Urbs
993 758 1109 810 Kerkuk
1123 759 1225 810 hietro-

102 844 227 909 politam
245 844 353 896 habens
368 843 548 898 Chaldaeum:
570 860 667 898 verum
687 845 775 897 totius
794 845 920 909 regionis
940 862 1040 898 noman
1059 841 1226 900 hodiernum

103 936 149 986 000
169 933 344 986 Sciaharzul.

178 1020 221 1094 (1)
239 1025 388 1078 Helavaua
402 1024 592 1090 0000001000,
614 1041 631 1078 a
649 1024 677 1077 S.
692 1023 840 1091 Scriptura
855 1024 960 1078 civitas
970 1025 1111 1080 Medorum
1126 1027 1223 1092 appel-

103 1114 177 1179 lata,
198 1113 311 1180 fuitque
330 1116 398 1167 urbs
415 1117 447 1166 in
467 1115 586 1168 confinio
605 1115 760 1182 Assyriae,
782 1120 863 1168 trans
883 1115 1000 1182 Tigrim,
1015 1118 1120 1182 posita,
1142 1093 1224 1184 cuju's

103 1207 229 1269 quatuor
242 1206 421 1272 episcopatus
435 1207 625 1270 suffraganeos
639 1209 774 1294 00000000
787 1207 866 1258 Elias
875 1208 1074 1259 Damasoeuus.
1089 1206 1221 1273 Sequiori

104 1310 176 1346 aevo
195 1295 407 1348 Halavanensis
425 1295 510 1348 Sedes
529 1296 560 1347 in
580 1296 676 1348 urbem
695 1294 888 1347 Hamadanam
902 1296 1046 1348 translata
1060 1295 1126 1348 iuit.
1151 1296 1222 1348 (lha-

104 1385 170 1436 lach
190 1383 317 1436 creditur
335 1384 422 1435 inisse
442 1385 473 1435 in
492 1386 562 1450 loco,
577 1384 625 1436 ubi
638 1383 722 1435 hodie
742 1387 787 1436 est
806 1385 878 1436 Urbs
893 1383 1066 1436 Suleimenia
1080 1383 1166 1451 01000,
1186 1385 1224 1436 00

105 1473 318 1540 Metropolitum
337 1473 508 1527 chaldaeum
528 1474 626 1542 Senae,
646 1473 738 1539 Regni
757 1471 875 1540 Persici,
896 1475 1055 1540 pertinens.

178 1557 223 1636 (2)
241 1563 368 1616 Persidis
386 1565 600 1630 Metropolitaui
623 1563 691 1615 olim
712 1579 728 1614 a
748 1563 921 1616 seleuciensi
942 1562 1160 1630 Archiepisoopo
1181 1563 1222 1614 di-

106 1655 195 1720 versi,
218 1658 248 1706 at
269 1671 326 1706 non
345 1654 443 1720 divisi,
457 1655 598 1706 Ecclesiae
616 1654 649 1703 ira
669 1661 728 1704 toto
747 1654 845 1704 Persio
864 1661 889 1704 et
908 1656 1017 1718 Mopso
1036 1653 1128 1704 India
1147 1669 1225 1718 rege·

107 1744 198 1810 bant,
220 1745 253 1794 ut
279 1743 312 1795 de
330 1745 440 1796 loaune
462 1744 492 1795 in
516 1742 642 1796 00001110
662 1743 784 1794 11100000
806 1743 925 1809 legitur,
950 1747 979 1795 00
1004 1747 1036 1794 00
1056 1745 1225 1810 praesertim

108 1848 143 1884 ex
163 1833 296 1898 epistolis
323 1833 452 1901 lesujahi
470 1831 611 1900 Adjabeni
629 1832 814 1884 Patriarchae
834 1835 954 1884 constat.
976 1831 1092 1884 Saeculo
1115 1833 1227 1886 christi

109 1927 190 1974 sexto
215 1924 276 1990 jem
299 1925 349 1976 sub
369 1939 421 1975 sua
439 1926 581 1989 potestate
608 1922 772 1988 habebant,
800 1924 912 1988 0000000
936 1923 1037 1976 Ρο0000
1063 1926 1092 1974 00
1119 1923 1225 1989 10000,

108 2011 290 2064 Christianos
318 2013 403 2065 ctiam
427 2012 614 2082 0000000000,
642 2012 839 2078 Μο00001000,
862 2014 891 2063 00
910 2010 1073 2064 Carmanos.
1098 2012 1227 2079 Sequiori

109 2117 180 2155 aevo
199 2102 308 2154 limites
335 2103 397 2170 ejus
416 2103 554 2154 coarctati
574 2101 849 2168 comprehendebant
875 2101 1020 2154 Persidem
1050 2103 1162 2169 proprie
1188 2102 1229 2153 di-

109 2193 202 2255 ctam,
224 2191 419 2258 Carmaniam,
443 2191 576 2244 Arabiam
595 2192 727 2256 felicem,
752 2193 781 2242 00
802 2191 930 2242 Insulam
949 2189 1046 2242 Scilan
1072 2190 1180 2242 Indiae.
1204 2191 1229 2242 A

110 2280 221 2332 saeculo
244 2282 279 2334 V.
293 2284 322 2334 00
343 2283 392 2335 VI.
413 2282 508 2334 eonati
528 2286 596 2334 sunt
619 2297 648 2333 se
668 2281 702 2334 eb
724 2280 894 2332 auctoritate
915 2279 1053 2332 Primatis
1072 2278 1229 2332 seleucien-

110 2369 152 2422 sis
174 2371 351 2438 subtrahere,
372 2375 405 2424 ut
424 2387 458 2425 ex
477 2373 612 2440 Jcsujabo
631 2370 777 2440 Adjaheno
796 2371 899 2438 liquet.
920 2371 974 2422 Diu
991 2369 1089 2424 hacde
1111 2386 1141 2422 re
1166 2387 1230 2423 000-

110 2460 203 2512 000010
223 2462 340 2527 exarsit,
363 2461 450 2515 donec
464 2463 530 2514 *sub
553 2462 673 2526 Georgio
692 2462 822 2528 primum,
845 2460 946 2512 deinde
966 2445 1026 2513 sub¹
1038 2461 1184 2512 Timotheo
1204 2463 1228 2514 I.

110 2551 288 2603 Patrisrchis
316 2552 428 2604 tandem
455 2553 550 2618 sopita
568 2552 635 2604 fuit.
656 2554 690 2603 In
710 2552 847 2604 hodierno
868 2552 928 2602 solo
948 2553 977 2602 00
997 2552 1095 2616 Regno
1117 2551 1229 2603 Persico

110 2641 241 2694 Ecclesia
258 2640 558 2694 chaldaeo-catholiea
586 2644 664 2694 ultra
683 2641 833 2708 Senanum,
847 2643 968 2694 alterum
986 2642 1073 2694 habet
1091 2643 1229 2708 Metropo-

110 2731 194 2783 litam
214 2731 447 2784 Salamesienssm
468 2731 613 2798 videlicet,
627 2732 676 2798 qui
696 2732 856 2785 (lhosravae
870 2731 986 2800 residet,
1011 2735 1040 2784 et
1053 2733 1178 2785 UrmIam
1192 2735 1231 2786 to·

111 2823 226 2887 tamque
235 2819 460 2886 Adorhegiancm
472 2821 646 2876 moderatur.
658 2821 766 2874 Ibidem
788 2824 885 2888 plures
902 2825 970 2873 sunt
986 2823 1152 2874 Nestoriani
1165 2837 1231 2874 snos

111 2907 252 2961 habentes
271 2911 426 2976 praesules,
447 2926 563 2976 quorum
582 2909 758 2978 Patriarcha‚
778 2909 810 2961 in
831 2910 934 2962 finibus
953 2910 1094 2977 Persidis,
1119 2911 1232 2962 nomine

112 2999 227 3062 Simeon
239 2999 346 3051 residet
358 3001 389 3051 in
397 3001 538 3053 Kocianos
550 3000 662 3067 oppido,
675 3004 772 3066 estque
783 3015 925 3052 successor
934 3000 1048 3052 illorum
1061 3001 1229 3065 Simeonum,

113 3091 164 3157 qui
183 3092 248 3156 post
266 3089 399 3142 Sulalram
416 3091 475 3158 jam
493 3089 657 3156 orthodoxi,
678 3093 755 3141 metu
768 3089 894 3140 Elisium
914 3089 948 3141 00
968 3091 1059 3157 stirpe
1072 3091 1180 3142 Mamas
1200 3089 1231 3140 in

112 3182 284 3234 1100001000
311 3179 420 3232 ditione
438 3181 672 3234 Nestoriancrum
691 3179 931 3245 Patriarcharum,
952 3178 987 3231 ad
1013 3182 1148 3231 montana
1177 3179 1232 3230 illa

112 3271 176 3323 loca
194 3286 224 3321 se
243 3285 273 3322 se
291 3271 471 3336 recipientes,
491 3286 578 3338 usque
597 3269 633 3322 ad
653 3269 800 3321 dimidium
816 3268 923 3320 saeculi
936 3269 1027 3334 elapsi
1039 3269 1155 3320 unionis
1170 3283 1230 3320 cum

113 3357 140 3410 S.
155 3359 192 3410 R.
207 3359 335 3411 Ecclesia
354 3359 509 3411 relationes
529 3359 588 3411 iere
608 3372 811 3412 conservavero
830 3353 881 3429 (a).
911 3358 944 3409 In
971 3356 1091 3408 madium
1111 3355 1234 3408 Christi-

113 3448 238 3500 colarum
256 3447 383 3500 Persidis
400 3449 459 3516 jam
478 3447 602 3512 ingressi
622 3451 690 3499 sunt
709 3447 821 3513 aliquot
848 3445 953 3498 abhinc
978 3445 1081 3512 annis,
1104 3443 1235 3497 Ministri
1334 3432 1337 3450 ’

113 3538 313 3589 Protestautes
333 3553 390 3590 non
410 3537 471 3589 sine
491 3540 659 3590 sectatorum
679 3549 833 3601 numero,e
853 3535 1044 3602 Nestorianis,
1068 3549 1135 3586 auro
1155 3536 1184 3584 et
1202 3532 1235 3584 li·

113 3627 255 3680 beralium
274 3628 424 3682 literarum
442 3627 597 3695 illecebris,
618 3630 803 3693 captatorum.

546 3792 797 3806 -n-ffl

185 3926 230 4010 (⁰)
248 3931 355 3985 Nostra
373 3935 468 3986 aetate
481 3931 605 4000 ejusdem
619 3933 733 3998 generis
746 3929 933 3985 Petriarohce
946 3929 1047 3982 ceteris
1063 3927 1158 3994 etiam,
1174 3926 1235 3978 uhi-

117 4038 234 4092 cumque
256 4022 737 4090 00300000000000110000010οί0,
760 4021 897 4089 quisunt
925 4020 988 4072 0011.
1008 4017 1179 4086 praesertim
1205 4016 1235 4067 in

117 4111 301 4166 Dioceesibus
322 4109 477 4178 Seertensi,
501 4110 658 4178 Gezirensi,
672 4109 838 4164 Amediensi
858 4113 887 4162 et
904 4108 1039 4175 Akrensi,
1060 4122 1112 4159 uec
1130 4121 1185 4157 uon
1205 4105 1236 4154 10
1327 4123 1329 4130 ·

118 4203 216 4267 Regno
235 4201 366 4267 Persico,
390 4201 440 4254 ubi
460 4203 529 4254 sunt
547 4201 700 4254 Chaldaeis
720 4201 878 4255 Catholicis
898 4201 986 4253 multo
1000 4197 1215 4252 numerosiores.
