3046 4756
545 227 782 312 ,473-

120 359 241 425 Senot.
258 357 313 427 15.
325 363 360 428 et
375 356 430 427 17.
444 356 781 426 tenuas-Sozoa
801 355 901 425 Ha.
920 354 945 423 l.
964 355 997 423 3.
1017 354 1239 424 c-Socrae

120 465 185 534 lib.
204 465 238 533 2.
254 489 284 534 c.
300 467 333 534 6.

120 812 175 863 qao
199 797 386 860 exploratores
402 801 478 847 caat.
494 797 540 846 Da
557 794 649 860 icitur
660 794 731 846 miti
739 801 902 860 potestatem
921 793 955 846 ta
975 810 1027 858 eos,
1039 802 1072 846 et
1089 795 1157 846 illos
1170 811 1239 846 eom·

113 885 301 950 prebendam.
323 885 404 936 Fecit
424 885 520 961 itaque
536 886 673 936 Bleroaea
690 887 750 937 Rea
763 887 925 936 Raraunum
940 885 1049 937 Nisibis
1062 883 1241 954 Episcopum,

119 969 270 1050 014435.)
293 977 399 1027 collata
418 975 513 1038 eidem,
534 991 616 1041 qaam
631 983 803 1040 poposcerat,
819 975 963 1041 facultate
981 969 1034 1047 (α).

193 1065 237 1116 Ex
257 1065 351 1118 altera
369 1067 472 1132 parte,
493 1066 634 1118 Narseeus
653 1065 805 1117 Barsnmae
837 1065 927 1117 socius
947 1064 978 1116 in
1001 1065 1106 1117 celebri
1130 1064 1240 1131 Schola,

120 1171 206 1222 quam
225 1155 338 1221 Nisibi,
360 1157 420 1208 loco
440 1155 550 1208 excisae
569 1153 739 1221 Edessenae,
760 1154 949 1221 instituerat,
971 1157 1000 1206 et
1018 1171 1069 1221 per
1088 1154 1133 1206 50.
1154 1169 1243 1207 annos

118 1246 209 1312 rexit,
230 1245 358 1297 Nestorii
377 1259 487 1296 errores
506 1259 685 1310 propugnare
714 1259 771 1296 non
790 1243 906 1296 destitit
929 1259 1018 1311 usque
1045 1243 1080 1296 ad
1099 1243 1153 1296 An.
1174 1244 1241 1301 (ihr.

117 1335 185 1387 496.
208 1350 262 1401 quo
276 1334 403 1386 interiit.
424 1336 601 1388 successores
620 1335 721 1388 habuit
733 1333 765 1385 in
785 1334 881 1387 eadem
893 1334 995 1387 Schola
1008 1335 1076 1386 item
1096 1334 1240 1389 Nestoriu-

119 1441 174 1477 nos
193 1419 246 1496 (ὅ),
267 1439 393 1491 quorum,
414 1422 635 1491 Auditorumqne
655 1440 751 1477 eornm
770 1439 873 1491 opera,
894 1424 1139 1477 Nestorianismns
1158 1427 1242 1490 longe
1312 1425 1316 1432 '

119 1520 237 1582 lateque
262 1517 436 1581 propagatus
460 1513 536 1581 fuit,
565 1515 755 1581 nequidquam
779 1515 987 1567 reluctantibus
1016 1515 1242 1568 seleuciensibus

117 1605 360 1672 Archiepiseopis,
381 1605 525 1671 Babuaeo,
546 1606 679 1671 inquam,
702 1621 782 1672 quem
806 1607 954 1658 Borsumae
974 1605 1087 1658 curavit
1108 1604 1240 1672 interfici,

120 1701 151 1748 et
169 1695 282 1761 Acacio,
298 1710 378 1761 quem
398 1695 446 1746 diu
464 1695 593 1747 vexavit.

196 1784 386 1838 Sedtandem
414 1784 486 1837 vicit
505 1800 585 1837 error
604 1788 648 1838 tot
677 1785 822 1853 tantisque
843 1785 1009 1852 illecebris,
1030 1785 1172 1852 armisque
1199 1785 1242 1837 in·

119 1879 257 1942 structus,
280 1879 308 1928 et
327 1891 344 1926 a
362 1875 472 1928 Babaeo
490 1869 530 1948 (ὓ)
553 1892 585 1928 ao
604 1874 753 1941 deinceps,
776 1876 900 1943 quinque
925 1875 1141 1942 Archiepiscopi
1160 1875 1242 1929 dhal-

120 1969 202 2022 daeis
220 1966 413 2032 praefuerunt,
435 1981 551 2032 qnorum
570 1966 622 2018 alii
642 1965 763 2018 decretis
783 1965 980 2032 synodalibus,
1001 1965 1055 2018 elii
1072 1965 1199 2032 exemplo
1213 1967 1243 2017 et

119 2059 207 2112 iactis
225 2057 363 2122 impuram
381 2056 533 2108 Borsumae
550 2055 700 2107 ,licentiam
719 2054 967 2121 confirmaverunt,
993 2057 1022 2106 et
1039 2053 1139 2120 rapide
1158 2053 1239 2105 fldem

119 2149 291 2202 catholicam
311 2161 361 2213 per
378 2143 537 2212 Assyriam,
559 2146 756 2210 Babyloniam,
776 2143 938 2210 Persidem,
960 2146 1123 2209 ceterasque
1147 2142 1237 2206 regio-

105 2254 173 2294 nes
187 2241 247 2292 iere
261 2237 449 2291 extinxerunt
461 2232 512 2310 (d)
534 2235 571 2288 Et
590 2237 631 2289 sic
644 2236 770 2290 Schisma
790 2236 1005 2300 consequenter,
1020 2250 1070 2300 per
1084 2234 1238 2300 separatio-

191 2476 234 2555 (α)
252 2479 389 2534 Barhebr.
410 2482 462 2533 loc.
483 2481 546 2547 cit,
566 2478 671 2532 Auctor
690 2478 781 2532 (latal.
809 2479 969 2533 Patriarcb.
990 2478 1089 2532 (lhald.
1111 2479 1142 2530 in
1173 2479 1239 2532 Ood.

122 2587 185 2640 syr.
206 2573 272 2624 Vct.
295 2587 325 2623 n.
347 2571 400 2638 11,
416 2573 444 2622 et
462 2571 526 2623 alii.

190 2655 234 2736 (ὃ)
251 2663 333 2714 Inter
360 2661 420 2728 hos,
442 2660 606 2728 speciminis
630 2660 734 2727 gratia,
755 2661 892 2712 Hananns
911 2660 1096 2727 Adiabenus,
1119 2676 1167 2713 seu
1186 2659 1237 2713 As-

117 2753 218 2820 syrius
237 2753 417 2818 octingentos
446 2752 569 2805 babebat
589 2751 752 2817 auditores,
773 2750 848 2804 eirea
867 2768 912 2804 an.
934 2752 1008 2819 570,
1033 2753 1083 2805 snb
1108 2753 1239 2806 Ezechie-

119 2847 147 2897 lo
168 2844 349 2898 Patriureha.

189 2929 230 3007 (θ)
247 2932 353 2985 Auctor
371 2933 471 3000 Operis
487 2935 544 2986 cna
557 2933 679 2988 Ghaldee
690 2956 715 3000 e,
732 2935 805 2987 alias
825 2933 967 3000 laudatus,
983 2949 1129 3001 perperam
1144 2934 1239 2986 eoniu-

115 3025 163 3076 dit
182 3025 258 3076 hunc
277 3024 415 3075 Babeeum
435 3039 495 3078 cum
509 3024 638 3085 Babuaeo
651 3025 807 3078 orthodoxo
820 3026 934 3092 quemi.
951 3023 1033 3089 dicit,
1049 3024 1160 3090 sibique
1172 3039 1235 3076 con-

115 3113 273 3179 tradicere,
287 3113 359 3165 hune
378 3114 506 3165 ultimum
526 3116 586 3165 tum
600 3114 750 3166 Borsumae
764 3114 926 3180 complicem
939 3117 999 3165 tum
1013 3102 1048 3165 ab
1070 3113 1164 3165 eodem
1179 3115 1236 3164 tru·

116 3203 246 3257 cidatum
267 3202 377 3254 scribit.
410 3203 506 3266 Igitur
525 3202 672 3269 Babaens,
697 3204 745 3270 qui
765 3205 804 3256 II.
825 3203 911 3272 hujus
935 3203 1059 3255 neminis
1078 3204 1163 3268 esset,
1185 3217 1241 3253 non

115 3295 267 3347 Babnaeus
287 3308 336 3344 seu
350 3293 477 3345 Babaens
489 3294 514 3344 Ι.
535 3295 564 3344 ct
582 3293 694 3359 quidem
707 3296 772 3360 post
790 3294 940 3346 Borsumae
960 3292 1120 3359 interitum,
1131 3291 1238 3359 primus

108 3386 175 3460 snit
194 3386 385 3440 Orientalium
399 3386 585 3438 Nestorianus
601 3385 764 3438 Catholions
784 3401 832 3437 seu
850 3384 1026 3438 Patriarcba.

188 3474 231 3551 (d)
250 3475 318 3528 Dixi
332 3475 397 3542 fere
415 3475 616 3525 eattaeeoaat:
637 3475 740 3526 etenim
766 3478 881 3541 praeter
899 3475 1081 3541 innumeros,
1104 3474 1178 3526 omni
1197 3489 1242 3527 ae-

116 3572 178 3622 tate
206 3570 236 3620 et
262 3567 415 3618 etiamnum
433 3565 638 3632 Nestorianos,
658 3565 707 3632 qui
726 3566 933 3632 materialiter,
956 3568 988 3617 ut
1007 3566 1107 3633 ajunt,
1129 3567 1241 3619 tantum

115 3660 192 3712 tales
206 3660 284 3723 sunt,
297 3656 402 3722 spiritu
417 3657 519 3721 autem,
532 3655 606 3708 bona
624 3653 677 3708 fide
696 3656 827 3708 fruentes
841 3655 876 3708 ad
889 3655 1064 3708 Catholieam
1085 3655 1238 3708 Ecclesiam

115 3763 184 3800 vere
203 3745 360 3813 pertinent,
375 3760 432 3798 non
449 3745 599 3797 defuerunt
611 3744 642 3796 in
655 3745 719 3811 ipso
739 3744 959 3798 Nestorianismi
973 3745 1106 3809 ingressu
1121 3749 1150 3797 et
1160 3750 1240 3798 aestu

118 3838 168 3906 qui
181 3839 275 3903 palam
294 3837 447 3889 catholicos
467 3851 515 3888 scu
537 3834 687 3888 ortodoxos
708 3851 737 3888 so
758 3834 948 3902 declararunt,
963 3837 994 3886 et
1006 3849 1057 3901 pro
1070 3834 1124 3886 fide
1135 3834 1235 3888 (latho-

117 3929 174 3979 lioa
193 3925 373 3978 dimicarunt.
386 3925 429 3992 Id,
444 3927 475 3977 in
489 3925 608 3992 penuria
619 3926 851 3978 Documentorum
863 3925 915 3978 hae
929 3925 962 3978 de
975 3939 1014 3992 re,
1029 3925 1165 3977 elucescit
1183 3940 1240 3978 non

118 4015 233 4068 obscure
252 4030 286 4066 ex
306 4015 430 4067 historia
449 4015 477 4067 S.
492 4015 586 4066 Isaaei
600 4014 721 4067 Ninives
740 4013 884 4080 Episcopi,
899 4011 1048 4066 Sahdonae
1067 4014 1098 4065 in
1112 4013 1238 4078 Regione

117 4104 315 4157 Garmacornm
333 4101 497 4169 Antistius,
514 4105 543 4154 et
555 4103 573 4155 J
576 4102 677 4155 oannis
702 4101 791 4156 Sabae
811 4103 943 4156 Monacbi
962 4103 1159 4156 Daliatheusis
1182 4105 1240 4172 qui,

117 4195 226 4248 saeculo
241 4196 332 4261 sexto,
346 4193 379 4245 in
398 4190 528 4260 Assyria,
551 4192 724 4246 orthodoxae
743 4192 826 4245 ilidei
841 4196 870 4245 et
884 4192 1094 4250 Oommunionis
1113 4193 1239 4263 inerunt,

116 4283 220 4350 quique
239 4286 316 4338 certe
335 4283 547 4338 consentientes
566 4281 705 4350 plurimos
725 4281 898 4336 habuerunt.
