3056 4756
651 129 828 200 *97*

242 259 290 331 2⁰.
308 257 351 330 In
373 258 473 344 Fide,
492 281 553 329 seu
569 246 670 328 Fidei
686 257 900 350 professione
924 277 998 342 sua,
1017 254 1129 343 Elias,
1150 256 1295 325 consilio

174 359 269 440 Cleri
293 369 350 439 sui
367 353 582 458 conscripta,
609 387 697 458 quae
718 365 918 459 ceteroquin
933 358 1112 434 erroribus
1126 362 1294 436 nestoria-

176 602 364 620 m

172 743 293 802 eundem
312 757 347 796 ox
366 725 566 797 dommunlono
584 741 757 796 Nestoriaua
775 741 1013 811 Conuersionem,
1033 712 1108 798 eirea
1125 741 1199 798 hanc
1218 741 1297 796 lner·

173 834 288 888 rautiae
308 829 481 886 Pontificius
493 831 650 885 doctrinam
668 825 720 905 (ι)
1083 841 1085 844 ·
1200 843 1202 847 ·

245 921 397 978 Videamus
416 921 495 975 modo
519 919 589 990 quid
607 921 766 990 habeatnr,
787 922 818 974 ln
838 937 897 976 rem
915 924 1060 990 nostram,
1082 921 1114 976 in
1133 921 1295 976 memoratio
1395 923 1397 929 '

172 1014 247 1069 aetia
267 1012 459 1080 synodalibus
477 1011 681 1066 Chaldaeorum
700 1013 768 1066 anni
790 1011 868 1066 1616.

246 1105 284 1158 Ει
303 1106 329 1156 1·
347 1089 530 1171 inpristola
548 1101 732 1157 Patriarchac
747 1103 781 1156 ab
792 1101 1021 1170 Archiepiseopis
1035 1103 1120 1156 etiam
1132 1101 1296 1170 subscripta

173 1209 248 1263 quae
266 1193 371 1262 incipit
391 1210 433 1248 «a
451 1193 567 1247 Minimo
581 1194 720 1247 Filiorum
732 1194 877 1248 Tuorumn
894 1194 1024 1260 legimus:
1039 1193 1294 1261 Ideoasaentimur

172 1283 340 1338 Sententiae
360 1283 479 1338 Sanctae
497 1284 640 1338 Ecclesiae
660 1286 764 1338 Romae
782 1279 824 1358 (ὃ)
841 1287 874 1337 ut
892 1284 1032 1338 fateamur
1048 1301 1132 1338 unam
1147 1297 1295 1352 personam

173 1374 262 1428 Verbi
281 1375 311 1427 iu
331 1374 447 1429 Christo
451 1412 503 1428 .....
527 1375 656 1430 Fecimus
677 1375 930 1442 congregationem
958 1375 1031 1429 hane
1056 1381 1085 1428 et
1109 1375 1237 1427 misimus
1259 1372 1295 1426 ud

173 1463 362 1518 Sanctitatem
380 1467 512 1518 Vestram
534 1465 604 1519 haec
632 1466 750 1534 scripta,
770 1465 848 1537 idest
872 1466 945 1518 hanc
966 1465 1126 1532 Epistolam
1149 1467 1178 1516 et
1197 1463 1294 1518 Eidem

172 1550 318 1626 (libellum
337 1550 435 1629 Eidei)
453 1557 487 1609 D.
501 1557 645 1610 Timothei
657 1555 869 1624 Archiepiscopi
887 1557 1041 1610 Ierusalem
1061 1560 1090 1610 et
1108 1555 1195 1609 Amed
1215 1551 1295 1627 (olim

172 1644 204 1697 P.
217 1642 319 1698 Aiami
337 1643 553 1715 Archidiaconi)
572 1651 601 1700 et
622 1645 861 1713 Commentarios,
883 1659 952 1712 quoe
980 1646 1042 1712 ipse
1068 1645 1138 1699 lecit
1156 1644 1294 1698 adversus

174 1735 263 1788 rerba
281 1734 419 1802 Nestorii,
441 1739 470 1788 et
488 1737 548 1788 alia
567 1735 693 1804 ejusdem
716 1735 823 1802 scripta
835 1771 877 1791 ....
893 1737 1005 1790 arabice
1027 1739 1056 1789 et
1075 1736 1186 1802 syriace
1205 1731 1296 1807 (idest

174 1822 348 1895 chaldaice).
372 1827 409 1878 Et
429 1825 454 1878 si
473 1826 562 1880 luerit
580 1826 701 1894 aliquid,
723 1826 795 1894 quod
815 1843 871 1880 nou
890 1829 985 1893 placet
1004 1827 1086 1880 vobis
1106 1842 1141 1878 ex
1154 1825 1210 1890 his,
1224 1839 1294 1892 quae

173 1920 312 1985 misimus,
333 1918 469 1972 iaciemus
489 1923 522 1971 ut
539 1919 652 1986 placeat
668 1919 760 1972 vobis:
776 1933 849 1972 nunc
863 1921 951 1972 Deum
972 1919 1172 1984 supplicamus,
1187 1919 1220 1970 ιιι
1231 1930 1294 1969 cou-

172 1995 301 2063 flrmetur
319 2007 405 2062 Sedes
424 2008 522 2061 restra
540 2008 571 2060 iu
591 2006 1046 2074 generationemgenerationum,
1063 2005 1098 2064 ad
1112 2005 1233 2073 gloriam
1250 2009 1293 2058 to·

171 2097 232 2152 tius
250 2095 488 2150 christianitatis.

244 2187 282 2241 2·.
303 2188 336 2240 In
355 2185 560 2254 approbatione
586 2185 756 2253 scriptorum
775 2185 917 2240 Timothei
936 2185 1149 2253 Arcbiepisoopi
1171 2183 1294 2249 legimus

174 2275 272 2330 aEliaa
285 2275 403 2330 humilis
415 2275 498 2328 offert
511 2289 628 2328 munera
638 2275 794 2327 osculorum
808 2273 1050 2328 immaculatorum
1065 2274 1173 2328 sanctis
1187 2272 1294 2326 vestris

170 2366 304 2420 manibus
325 2365 499 2419 habentibus
509 2363 787 2419 clavesAltitudinis
801 2367 829 2418 et
840 2364 1045 2431 profunditatis
1059 2363 1291 2416 coreitarum.»

245 2459 280 2510 ³⁰.
295 2454 437 2508 Audiatur
455 2456 549 2508 autem
567 2453 625 2506 iste
644 2455 677 2507 D.
694 2453 868 2522 Timotheus,
889 2457 919 2507 ct
939 2455 965 2506 1⁰
984 2453 1096 2520 quitiam
1115 2454 1147 2506 iu
1161 2451 1293 2510 Sermone

171 2545 207 2600 de
220 2543 292 2600 Eide
311 2545 355 2598 ait
375 2543 488 2598 usicuti
507 2546 552 2597 est
571 2558 644 2597 unua
663 2540 756 2610 Deus,
774 2543 814 2600 sie
827 2560 885 2598 una
904 2547 948 2597 ost
967 2543 1052 2596 Fides
1072 2543 1105 2596 de
1125 2545 1181 2596 Illo
1200 2538 1290 2614 (Deo),

171 2638 203 2689 et
221 2651 278 2689 uua
297 2635 425 2688 Ecclesia
444 2639 543 2688 saneta
562 2634 676 2701 Romae,
692 2634 917 2689 materomnium
931 2634 1122 2701 ecclesiarum,
1137 2637 1235 2687 etune
1249 2620 1294 2687 est

171 2724 259 2781 Petra
277 2725 379 2791 solida,
399 2725 431 2778 in
451 2739 508 2792 qua
526 2725 615 2792 positi
634 2728 703 2778 suut
722 2724 836 2778 ordines
859 2723 1046 2778 ecclesiastici
1067 2724 1188 2777 omnium
1208 2724 1294 2777 eccle*

172 2815 279 2870 siarum
308 2832 325 2869 a
352 2815 483 2883 sapiente
511 2815 677 2882 architecto,
697 2815 841 2868 conditore
860 2814 1012 2880 Universi;
1032 2830 1122 2882 neque
1141 2815 1216 2868 euim
1235 2813 1294 2868 iru-

143 2967 145 2972 ,
172 2909 234 2959 stra
252 2909 282 2959 et
300 2920 373 2959 vane
393 2904 474 2959 dedit
491 2907 586 2959 claves
607 2903 774 2960 altitudinis
793 2905 823 2957 et
842 2904 1049 2972 profunditatis
1069 2906 1173 2970 Petro,
1194 2903 1292 2958 funda·

171 2998 267 3048 mento
286 2994 428 3049 Ecclesiae
448 3007 525 3062 suaa,
546 3009 638 3062 aeque
657 2994 781 3048 fortuitu
800 2994 924 3048 tradidit
941 2995 989 3047 illi
1008 2996 1066 3062 ipsi
1086 3009 1186 3060 greges
1205 2993 1293 3046 ratio·

171 3087 255 3140 males
274 3089 383 3152 emptos
408 3085 547 3150 sauguine
572 3099 622 3138 auo
649 3084 785 3152 pretioso.
814 3084 851 3138 Et
870 3084 911 3138 sie
930 3086 1015 3150 longa
1035 3084 1209 3137 successione
1228 3085 1294 3150 post

170 3176 287 3230 Petrum
296 3175 405 3244 aceepit
414 3191 551 3230 summum
564 3175 761 3230 Pontificatum
771 3177 858 3230 Pater
871 3181 969 3231 noster
981 3177 1057 3244 Papa
1067 3169 1115 3250 (ι),
1131 3178 1216 3241 caput
1228 3173 1292 3226 sub·

169 3265 239 3320 lime
257 3265 347 3319 tetius
366 3265 603 3334 christianitatis,
626 3267 675 3334 qui
699 3272 743 3320 est
755 3280 841 3320 verus
856 3267 982 3323 vicarius
994 3266 1103 3322 Christi
1116 3267 1149 3318 D.
1159 3266 1194 3319 N.
1208 3278 1293 3333 super

243 3449 285 3527 (⁶)
303 3451 375 3507 Sauo
394 3452 594 3506 monimentum
622 3453 702 3507 istud
722 3454 773 3507 illo
793 3454 949 3522 antiquius,
972 3453 1150 3522 splendidius
1170 3456 1199 3508 et
1219 3453 1291 3508 soie·

168 3541 264 3598 maius
284 3547 347 3608 eet,
370 3541 443 3608 quod
462 3557 496 3594 ex
516 3557 599 3610 opere
616 3543 732 3608 Speculo
751 3549 823 3595 terro
842 3543 955 3610 losephi
977 3545 1014 3597 ll.
1036 3558 1126 3611 nuper
1145 3543 1289 3610 allegavi,

168 3631 203 3685 dc
223 3630 318 3685 eodem
342 3631 486 3684 disserens
506 3638 680 3700 argumento,
703 3633 733 3686 iu
753 3635 850 3700 paullo
864 3637 929 3688 ante
948 3629 1077 3708 (inlicta
1093 3630 1120 3706 i)
1139 3641 1291 3690 memorata

168 3723 303 3792 Epistola
321 3722 357 3776 ad
377 3719 475 3776 linium
494 3723 552 3776 DD.
567 3723 676 3778 Bailles
697 3724 764 3778 oiim
784 3725 951 3792 Episcopum
970 3727 1181 3781 Lucioueuseur.

241 3808 282 3886 (ὃ)
301 3812 402 3866 Notum
420 3811 627 3866 estOhaldaice
647 3829 703 3867 uon
723 3821 799 3869 recte
815 3817 900 3884 juxta
917 3833 995 3871 usum
1015 3819 1159 3872 efformari
1173 3819 1290 3886 adjecti·

170 3917 237 3956 rum
257 3904 450 3980 gentilitium,
472 3907 505 3977 ut
523 3903 635 3969 seilicet
654 3903 795 3959 ex'Roma
813 3906 955 3961 Romanus
975 3908 1100 3976 dicatur,
1122 3907 1226 3962 ideirco
1245 3925 1291 3976 ge·

170 3993 261 4046 nitiri
279 4009 373 4048 casum
393 3993 498 4046 eumin
514 3993 786 4064 sensumadhiheut,
802 4003 834 4050 ut
853 3996 950 4052 dicunt
967 4003 1113 4067 perpetuo:
1135 3999 1291 4053 Ecclesiam

170 4083 284 4142 Romae,
307 4098 358 4150 pro
377 4083 512 4136 Romana.

243 4164 284 4246 (ι)
302 4173 343 4226 De
362 4173 440 4241 Papa
459 4171 547 4226 Paulo
565 4171 600 4226 V.
619 4172 758 4242 loquitur.

1147 4291 1168 4354 7
