3056 4756
755 334 954 404 -116-

296 462 378 531 Chr.
403 461 490 530 1226
513 463 557 531 ad
581 484 637 532 an.
657 462 778 548 1256),
801 463 837 530 in
862 463 1022 553 partibus
1045 465 1211 550 Orientis,
1230 451 1411 554 Vicarius,

269 565 272 574 '
296 571 433 644 scilicet
455 572 493 638 in
515 577 611 638 terra
635 571 750 655 Sinas,
769 571 806 638 in
823 571 973 660 Chataja
996 579 1031 640 et
1055 573 1221 641 Tartaria
1237 574 1414 643 Orientali

294 719 315 727 -
337 679 398 746 ubi
420 677 563 768 plurimi
586 679 787 768 Nestorianj
810 681 1080 765 morabantur÷,
1100 687 1142 748 ut
1157 705 1198 750 ex
1214 683 1369 771 ejusdem
1394 707 1415 750 a

294 785 393 852 nobis
402 785 567 852 laudatae
580 786 746 874 epistolae
758 787 875 854 verbis
887 788 1110 879 sequentibus
1123 788 1316 878 colligitur.
1327 789 1414 858 «Mi-

295 894 404 960 simus
423 893 533 976 vobis,
549 893 678 984 inquit,
696 894 866 980 libellum,
882 917 979 986 quem
1005 895 1190 964 attulimus
1214 897 1255 965 de
1274 905 1414 986 pectore

295 1002 460 1087 Orientis,
487 1001 622 1070 scilicet
646 1001 687 1070 de
711 1008 808 1071 terra
832 1002 914 1070 Sin:
932 1009 968 1071 et
983 1003 1142 1072 libellum
1160 1005 1268 1073 alium
1285 1005 1327 1073 de
1343 1005 1413 1073 fide

295 1133 337 1179 ex
360 1116 456 1200 parte
479 1109 743 1199 Archiepiscopi
765 1110 926 1180 Nisibeni
950 1111 1019 1200 (1),
1047 1111 1105 1179 cui
1129 1113 1414 1202 subscripserunt

295 1217 358 1284 alii
390 1218 456 1285 duo
480 1215 767 1307 Archiepiscopi,
795 1223 831 1286 et
863 1222 936 1288 tres
966 1219 1143 1310 Episcopi.
1169 1221 1219 1288 Et
1243 1245 1306 1290 nos
1341 1244 1413 1289 nna

296 1347 372 1392 cum
396 1325 447 1392 eis
470 1324 505 1390 in
532 1325 662 1414 spiritu
685 1325 835 1413 petimus
854 1326 986 1394 iterum
1010 1349 1031 1392 a
1054 1329 1267 1418 paternitate
1290 1334 1413 1398 vestra

297 1544 483 1555 ...n-...—

365 1661 408 1740 (1)
426 1665 546 1732 Nisibis,
567 1665 641 1718 alias
663 1665 744 1731 Soba,
766 1664 833 1718 elim
851 1663 953 1732 richar,
974 1665 1087 1718 Graecis
1106 1663 1259 1718 Antiochia
1279 1664 1315 1719 ad
1330 1667 1412 1733 Nyg-

295 1755 419 1822 donium,
441 1755 518 1808 inter
534 1755 769 1821 Metropolitanus
788 1755 1019 1808 Nestorianorum
1038 1755 1133 1822 Sedes,
1151 1755 1302 1810 secundum
1321 1758 1412 1810 locum

295 1863 426 1914 occupare
454 1847 548 1912 coepit
572 1861 606 1898 ex
628 1845 739 1899 decreto
768 1845 876 1912 Synodi
901 1847 1020 1913 Josepbi
1049 1846 1199 1899 eorundem
1226 1847 1412 1902 Patriarchae

295 1954 361 1990 ann.
383 1937 449 1989 chr.
472 1935 534 1987 653.
565 1935 712 2002 Subjectae
731 1935 778 1987 illi
797 1935 1017 2001 Metropolitano
1036 1934 1179 1988 Ecclesiae
1204 1936 1235 1988 in
1255 1937 1411 1992 tabulariis

295 2028 496 2082 Chaldaeorum
515 2027 713 2077 recensentur:
734 2025 868 2092 Baladae,
889 2025 1006 2090 sigorae
1027 2041 1075 2077 seu
1096 2026 1262 2094 Singiarae,
1282 2025 1409 2096 hunni,

294 2116 410 2170 Amidae
430 2129 479 2168 seu
498 2115 661 2181 Diarbekir,
682 2115 795 2168 Mardae
816 2131 864 2167 seu
883 2116 1005 2182 Mardin,
1026 2116 1194 2184 Bearbajae,
1207 2117 1412 2185 hiajapharluin

293 2222 343 2259 seu
356 2205 568 2270 Martyropolis,
583 2205 690 2270 Harae,
707 2204 928 2271 Hasan-Ohepae
949 2220 996 2258 seu
1013 2206 1134 2272 Hesnae,
1150 2206 1287 2272 Maarrae,
1301 2207 1410 2288 Bakep·

294 2297 356 2361 dae,
372 2310 419 2347 sen
430 2292 626 2346 Beth-aabdee
647 2308 695 2345 seu
713 2293 851 2345 Gaaartae
870 2287 956 2368 (quae
970 2293 1109 2346 etGezira
1121 2293 1206 2346 hodie
1225 2309 1273 2346 seu
1284 2289 1410 2368 Insula).

294 2384 425 2452 Sequiori
447 2399 516 2436 aevo
541 2383 697 2436 Nisibenus
725 2383 845 2436 thronus
872 2384 1038 2451 conjunctas
1066 2383 1170 2436 habuit
1196 2382 1359 2437 Armeniam
1382 2391 1412 2438 et

294 2474 426 2530 Nardin:
446 2473 597 2541 postremis
617 2483 684 2525 vero
704 2473 897 2539 temporibus,
919 2473 993 2539 qued
1011 2473 1123 2526 Nisibis
1141 2476 1201 2526 tum
1218 2473 1342 2527 Arabum
1362 2492 1411 2529 no·

295 2564 406 2617 madum
426 2561 650 2630 excursionibus,
666 2567 724 2616 turn
739 2563 806 2614 aliis
826 2563 859 2614 de
879 2563 996 2630 caussis,
1018 2579 1089 2630 pene
1109 2562 1207 2620 diruta
1226 2563 1293 2631 fuit,
1308 2566 1411 2618 hietro·

294 2654 424 2722 politana
442 2652 527 2706 Sedes
545 2653 649 2704 intres
665 2652 738 2704 alias
752 2651 847 2704 divisa
860 2653 968 2717 legitur
986 2652 1017 2705 in
1037 2652 1109 2706 actis
1123 2653 1234 2718 Synodi
1246 2651 1411 2708 Amidensis

295 2759 363 2795 ann.
378 2741 448 2792 1616
466 2742 639 2793 celebratae:
660 2741 692 2792 in
710 2740 888 2793 Amidensem
908 2741 1028 2806 scilicet,
1049 2741 1291 2794 Bethzabdensem
1305 2757 1353 2794 seu
1364 2743 1411 2796 In-

295 2835 384 2897 sulae,
405 2833 435 2882 et
452 2831 563 2882 Hennae
582 2845 629 2882 seu
647 2830 921 2896 Hasanchepensem.
943 2831 1030 2882 Porro
1049 2831 1183 2898 Episcopi
1203 2846 1251 2883 seu
1270 2833 1411 2900 Metropo-

294 2923 365 2974 litae
383 2922 479 2974 Nisibi
498 2920 653 2987 praeiuere:
675 2921 701 2974 S.
715 2922 835 2974 Jacobuu
847 2922 966 2985 Magnus
980 2919 1016 2973 ad
1030 2935 1135 2973 annum
1153 2921 1262 2974 christi
1275 2922 1337 2988 338,
1355 2937 1411 2988 quc

293 3012 375 3064 obiit:
399 3012 525 3063 Hosaeus
543 3012 691 3064 Maruthae
719 3026 858 3078 coaevus,
880 3012 932 3064 sub
951 3011 1111 3078 Jabalaha,
1133 3013 1163 3063 et
1180 3011 1306 3078 Dadjesu
1332 3011 1409 3065 circa

294 3117 339 3154 an.
350 3100 413 3166 420,
425 3101 585 3166 BarsumaS,
600 3101 697 3153 Seciae
706 3101 894 3153 Nestorianae
908 3099 1059 3152 acerrimus
1071 3102 1275 3166 propugnator,
1285 3115 1332 3152 an.
1343 3100 1408 3167 4⁸5,

293 3193 397 3258 etalii,
421 3177 510 3258 usqie
528 3190 564 3243 ad
583 3207 687 3243 annum
707 3192 817 3245 Christi
839 3193 918 3258 1566,
941 3207 995 3258 quo
1017 3191 1173 3260 Ebedjesus
1196 3207 1245 3244 seu
1266 3191 1411 3260 Abdjesus

292 3283 462 3336 Patriarcha
479 3281 687 3348 chaldaeorum,
708 3282 742 3334 ad
761 3284 864 3336 calcem
882 3275 1074 3335 Professionis
1093 3280 1193 3348 Fidei,
1215 3297 1297 3348 quarn
1316 3296 1410 3336 coram

292 3374 344 3425 Pio
359 3374 399 3426 1v
417 3373 517 3439 edidit,
538 3372 653 3426 Nisibin
672 3374 750 3424 inter
768 3373 853 3426 Sedes
873 3372 1108 3438 Metropolitanus
1128 3387 1177 3425 suo
1194 3371 1410 3427 Patriarchatui

293 3464 436 3531 subjectas
459 3467 603 3516 enumerat
631 3461 700 3533 (Gir.
721 3463 830 3516 Assem.
851 3463 914 3516 Bib.
933 3463 980 3517 Or.
1001 3465 1067 3514 tom.
1083 3462 1110 3515 3.
1130 3479 1158 3529 p.
1180 3463 1206 3514 2.
1227 3477 1292 3528 pag.
1307 3463 1361 3515 767
1381 3468 1412 3517 et

293 3569 357 3620 pag.
371 3548 446 3625 429).
474 3551 620 3618 Chaldaei,
640 3553 760 3618 interea,
782 3553 831 3618 qui
851 3551 966 3618 pacifica
985 3565 1075 3616 usque
1093 3551 1282 3618 possessione,
1303 3552 1412 3606 instru-

292 3643 397 3694 mentis
408 3658 517 3710 quoque
528 3643 670 3707 legalibus
682 3643 801 3708 munita,
811 3641 964 3695 Ecclesiam
974 3639 1041 3692 olim
1052 3640 1250 3694 Gathedralem
1260 3643 1289 3694 et
1301 3643 1411 3706 magui-

291 3732 370 3784 ficam
377 3733 496 3800 Nisibis,
507 3735 568 3786 esto
578 3732 662 3785 hodie
672 3733 703 3784 in
714 3732 809 3785 ruinas
820 3731 971 3800 redactam,
984 3731 1012 3784 S.
1022 3732 1125 3785 Jacobo
1137 3729 1260 3800 ejusdem
1270 3730 1411 3787 Antistiti

294 3825 490 3889 nuncupatam,
505 3823 541 3875 ab
553 3823 639 3876 initio
653 3822 687 3875 ad
701 3823 770 3876 haec
783 3839 872 3889 usqne
886 3825 1013 3888 tempora
1033 3824 1197 3888 tenuerunt,
1210 3822 1331 3875 maximo
1349 3839 1411 3877 cum

292 3927 425 3980 moerore,
434 3913 557 3979 quinque
570 3913 673 3966 abhinc
684 3913 777 3980 annis,
789 3911 905 3966 eandem
914 3928 1047 3979 usurpare
1060 3913 1146 3978 Syros
1158 3912 1177 3964 J
1178 3912 1304 3965 acobitas
1314 3913 1411 3967 inviti

292 4002 452 4068 conspicere
474 4002 564 4054 coacti
581 4005 665 4070 sunt;
684 4004 752 4070 quia
769 4003 810 4069 hi,
829 4001 923 4054 nescio
943 4017 1026 4068 quam
1045 3985 1216 4054 decisionem
1235 4001 1407 4072 vizirialenu,

292 4094 325 4143 ut
345 4091 436 4158 ajunt,
456 4091 661 4160 aliquomodo,
682 4095 869 4160 comparatam
890 4109 906 4144 a
925 4091 1067 4144 Gubernio
1089 4090 1410 4158 uonsuntinopolitanc
1514 4103 1515 4110 ’

293 4194 344 4245 pro
363 4195 401 4246 se,
417 4185 604 4247 consequutus
627 4198 689 4235 esse
710 4183 915 4236 contenderunt
945 4181 1019 4248 apud
1037 4183 1237 4247 Magistratum
1259 4181 1410 4235 Diarbeki·

293 4279 414 4330 rensem,
431 4265 480 4317 ubi
493 4281 593 4318 caussa
611 4267 785 4331 agitabatur.
805 4268 859 4334 Sic,
875 4269 906 4320 in
925 4267 1158 4335 praesentiarum,
1183 4270 1212 4320 et
1233 4265 1314 4320 istud
1329 4271 1411 4322 vetu-

296 4357 371 4406 stum
384 4353 595 4421 monimentum,
610 4358 643 4408 ut
656 4359 700 4409 tot
718 4357 785 4425 alia,
801 4357 884 4411 nobis
904 4359 1042 4425 ereptum,
1063 4360 1247 4425 usurpatores
1265 4355 1408 4412 detinenti
1514 4355 1515 4412 l
