3036 4750
581 320 761 363 -vn—

111 428 255 506 Exstat
283 451 425 528 nempe,
448 428 596 527 praeter
623 425 698 502 alia
724 423 863 519 omnia,
885 423 982 525 apud
1008 420 1238 498 nestorianos

111 577 202 628 vera
239 551 407 628 doctrina
443 549 623 627 catholica
662 550 705 627 de
740 551 903 627 Peccato
945 546 1142 650 originali:
1182 547 1266 623 De*

111 677 229 755 libero
257 677 434 754 arbitrio:
465 678 521 754 De
553 677 704 755 Gratiae
736 675 878 755 Christi
909 672 1151 750 necessitate:
1182 672 1237 748 De

111 829 233 881 novae
259 803 373 908 Legis
401 805 718 880 sacramentorum
747 799 956 904 septenario
983 821 1151 874 numero:
1181 797 1237 874 De

111 954 203 1006 vera
240 929 392 1022 notione
418 928 691 1032 poenitentiae:
727 928 783 1004 De
812 925 892 1003 loco
920 923 1144 1028 expiationis
1171 947 1238 1026 pro

111 1054 279 1157 peccatis
306 1054 346 1131 in
376 1054 495 1130 altera
521 1054 614 1149 vita,
639 1053 677 1129 h.
698 1079 732 1131 e.
755 1053 799 1130 de
825 1049 1064 1152 Purgatorio:
1087 1049 1143 1125 De
1162 1046 1240 1124 sui-

112 1181 246 1283 fragiis
273 1179 475 1275 iaciendis,
508 1205 592 1257 cum
619 1177 820 1282 profectu,
852 1201 920 1278 pro
946 1173 1153 1286 Defunctis:
1183 1174 1238 1250 De

113 1333 185 1384 usu
205 1308 274 1386 SS.
297 1306 519 1410 imaginum:
542 1307 597 1383 De
610 1303 858 1390 ‚veneratione
878 1301 944 1378 SS.
962 1299 1235 1401 Reliquiarum:

113 1434 168 1509 De
198 1431 438 1509 Invocatione
467 1455 509 1506 ac
536 1429 803 1507 intercessione
823 1427 1042 1504 Sanctorum
1069 1424 1108 1500 iu
1127 1423 1238 1502 Caelo

112 1549 1235 1659 regnantiumtDeleiuniis:DeanremoniisEcclesiasticis:

113 1685 169 1760 De
184 1681 425 1761 Excellentia
440 1682 506 1760 SS.
520 1679 782 1757 Immaculatae
797 1677 966 1780 Virginis
985 1701 1099 1778 super
1112 1699 1239 1752 omnes

117 1812 283 1886 sanctos:
314 1809 370 1886 De
398 1809 619 1884 aeternitate
638 1829 843 1908 poenarum
869 1804 1082 1882 Gehennae:
1103 1803 1158 1879 De
1176 1828 1240 1878 ve-
1299 1879 1303 1887 ,

114 1936 231 2011 ritate
260 1933 438 2013 Sacrificii
465 1931 653 2010 incruenti
679 1931 721 2008 in
748 1930 787 2008 S.
811 1931 944 2007 Missa:
975 1930 1030 2004 De
1058 1929 1239 2005 Transub·

117 2059 376 2154 stantiatione,
400 2083 443 2136 ac
462 2060 506 2136 de
524 2057 614 2134 reali
633 2056 777 2134 Christi
797 2054 1006 2158 praesentia
1023 2054 1062 2130 in
1082 2053 1149 2133 SS.
1167 2051 1238 2128 Eu·
1295 2054 1298 2070 ’

116 2186 318 2262 charistiae
354 2184 620 2264 Sacramento:
655 2184 711 2260 De
744 2184 936 2260 Potestate
971 2177 1164 2288 sacerdotii
1199 2177 1239 2254 in
1342 2183 1344 2188 '

115 2311 290 2389 Ecclesia
307 2312 517 2390 remittendi
535 2314 701 2414 peccata:
723 2312 778 2387 De
799 2308 1020 2385 necessitate
1045 2303 1241 2382 confessio-

116 2439 177 2515 nis
207 2438 486 2516 sacramentalis
505 2438 550 2515 ad
569 2437 825 2514 remissionem
849 2433 993 2536 culpae:
1016 2433 1072 2510 De
1090 2432 1240 2510 Oanone

119 2565 188 2642 SS.
208 2564 498 2667 Scripturarum:
516 2565 571 2641 De
590 2562 823 2641 Excellentia
843 2558 1083 2660 Virginitatis
1102 2562 1138 2634 et
1162 2561 1241 2632 sta-

116 2694 179 2767 tus
198 2689 398 2792 Religiosi:
429 2692 468 2766 et
495 2688 665 2791 denique,
695 2691 738 2764 ut
766 2686 839 2762 aha
865 2685 1173 2787 praetermittam,
1197 2683 1240 2759 de

116 2922 272 2989 stodirent,
296 2920 501 2987 eorundemque
532 2919 628 2973 studia
646 2920 765 2972 maxime
791 2919 934 2971 soverent.
956 2919 1145 2972 Peculiariter
1173 2935 1240 2973 vero

115 3015 248 3078 Ipsorum
268 3013 359 3064 elucet
377 3013 461 3063 Zelus
480 3013 511 3062 in
532 3009 699 3063 inculcanda
718 3013 747 3060 et
772 3009 897 3061 curanda
916 3009 1034 3060 Rituum
1053 3009 1239 3062 Orientalium

116 3099 283 3153 ueneranda
308 3103 474 3167 uetustate,¹
490 3104 518 3152 ct
537 3091 716 3166 integritate,
739 3100 867 3151 omuibus
888 3099 991 3165 quibus
1022 3098 1113 3164 possit
1137 3097 1239 3164 medie,

117 3193 200 3244 salva
221 3191 334 3246 seilicet
352 3193 463 3242 tantum
485 3190 570 3242 niuei
590 3194 619 3242 et
645 3190 753 3242 Morum
781 3191 917 3257 puritate.
934 3188 1011 3252 Quod
1031 3204 1098 3241 sane
1117 3204 1174 3238 uon
1193 3187 1240 3239 ad·

117 3280 334 3332 hortationibus
346 3281 444 3346 solum,
462 3279 512 3331 sed
527 3281 556 3330 et
569 3279 836 3331 comminationibus
851 3294 960 3345 quoque
973 3279 1004 3329 in
1017 3277 1179 3329 huiusmodi
1189 3277 1241 3328 De·

116 3373 195 3421 creta
204 3368 355 3420 Pontificia
368 3371 595 3432 transgressores
609 3383 664 3420 uon
679 3384 743 3421 raro
757 3368 1077 3436 iactumpraedicamus.
1092 3367 1166 3419 Hinc
1186 3381 1241 3417 me·

117 3460 174 3510 rito
195 3457 349 3510 dolentium
368 3461 397 3510 et
417 3457 598 3524 querendum,
628 3473 684 3509 una
710 3475 770 3510 cum
794 3461 869 3512 recte
899 3457 1100 3524 sentientibus,
1116 3460 1146 3508 et
1171 3473 1242 3510 com·

117 3547 210 3600 modis
224 3547 286 3599 suis
300 3561 356 3598 nou
368 3547 561 3600 servientibus
576 3549 714 3614 omnibus,
731 3547 803 3614 quod
823 3548 948 3615 quidam,
968 3547 1117 3600 nonnullis
1138 3547 1241 3601 abhinc

118 3639 202 3690 aunis
222 3637 361 3703 temporis
379 3637 527 3704 imperitia
540 3639 569 3688 et
584 3637 755 3690 obscuritate
769 3638 861 3704 abusi,
877 3654 928 3705 per
941 3638 1184 3704 iniuriam,'uullo
1198 3653 1241 3690 ra·

117 3727 257 3780 tiouabili
275 3727 391 3793 impulsi
411 3728 527 3794 motivo,
543 3730 642 3780 contra
660 3728 822 3795 veritatem,
843 3731 942 3780 contra
961 3729 1028 3780 boui
1047 3742 1147 3781 seusus
1167 3727 1238 3780 iudi·

117 3819 202 3884 cium,
217 3817 293 3868 citra
311 3815 340 3868 S.
354 3816 389 3869 A.
404 3817 485 3870 Sedis
505 3817 666 3886 consilium
688 3819 743 3870 imo
763 3819 903 3884 neglectis
923 3817 1056 3870 Eiusdem
1075 3815 1241 3870 admonitio·

118 3910 204 3961 nibus
219 3911 250 3960 et
259 3907 397 3974 Decretis,
409 3923 426 3959 a
436 3912 534 3961 sancta
547 3909 722 3976 antiquitate
736 3907 910 3975 recedentes,
932 3908 988 3960 sibi
1002 3907 1088 3960 licere
1104 3908 1242 3961 arbitrati

118 3999 180 4050 sint
197 3998 373 4050 mutationes
402 4001 431 4050 et
449 3998 650 4051 innovationes
677 3998 810 4052 inducere
829 3999 860 4050 in
880 3997 908 4050 S.
933 4001 1061 4051 nostram
1081 3998 1241 4064 Biturgiam

118 4091 204 4154 atque
224 4088 258 4138 iu
277 4087 368 4140 libros
388 4091 501 4141 nostros
522 4089 659 4142 Divinum
678 4089 785 4141 cultum
806 4089 996 4141 continentes.
1011 4089 1098 4140 Faxit
1112 4090 1194 4154 Deus,
1210 4092 1243 4139 ut

118 4175 224 4228 Summi
253 4177 307 4228 Rei
327 4177 509 4230 Christianae
527 4177 658 4230 Rectoris
687 4180 716 4229 ct
746 4177 879 4230 Custodis
900 4177 1036 4245 auspiciis
1067 4179 1096 4228 et
1114 4177 1240 4242 nutibus,

119 4263 285 4318 huiusmodi
302 4265 410 4318 iniecta
428 4265 529 4318 nubile
548 4269 577 4318 et
595 4266 814 4318 contumeliosae
834 4267 967 4318 tenebrae
988 4281 1002 4316 e
1022 4265 1105 4318 Ocelo
1125 4263 1243 4318 sanctis·

119 4355 189 4407 simo
208 4355 354 4409 Ecclesiae
373 4357 487 4408 nostrae
509 4356 714 4422 quamprimum
734 4355 940 4422 profligentur!
