3046 4756
568 265 768 334 -159-
888 311 893 324 .

104 395 185 464 duit
209 393 272 462 lux
289 391 384 482 ⁴Ejus
402 392 565 481 (Christi)
589 416 693 484 super
711 389 955 462 ORIENPEM
971 397 1007 462 et
1020 391 1223 461 illuminata
1254 421 1256 426 ·

105 503 179 570 fuit
202 500 366 570 PERSIS
384 501 500 570 stella.
526 501 643 568 Unum
663 524 704 569 ex
721 500 954 568 luminaribus
971 500 1131 569 Siderum
1147 501 1227 570 Coe·

105 610 180 677 lum
206 609 304 677 misit
325 609 531 677 Praeconem
555 607 781 692 PERSICIS,
808 615 850 676 ut
865 608 1110 696 profectionem
1133 630 1228 697 para-

106 721 188 782 rent
203 715 248 783 ad
264 715 507 798 contuendum,
525 719 561 784 et
576 713 789 783 adorandum
805 712 1143 803 Rasum-Magna
1154 713 1229 782 AS·

107 823 256 891 SYRIA
278 846 355 892 cnm
381 824 530 912 primum
551 821 588 890 id
603 823 758 912 percepit
782 822 968 890 advocavit
983 821 1103 912 Magos
1123 821 1227 890 dixit·

106 955 173 1022 que
197 931 296 998 illis:
321 930 482 1021 Accipite
499 952 643 998 munera
658 935 694 998 et
717 930 768 998 ite
792 929 925 1000 solvere
946 930 1120 998 tributum
1139 930 1246 1019 Regi-

105 1039 235 1128 Magno
252 1038 289 1106 in
300 1039 325 1106 J
326 1039 436 1108 udaeu
452 1039 757 1107 manifestatum...
772 1037 950 1128 Principes
965 1039 1229 1130 itaquePersiae

104 1147 195 1214 laeti
218 1151 405 1235 portarunt
427 1147 528 1231 dona,
546 1153 582 1214 et
605 1145 805 1216 accedentes
821 1145 1023 1214 obtulerunt
1038 1147 1132 1215 Filio
1148 1147 1230 1216 Vir·

106 1253 204 1342 ginis
221 1252 358 1319 Aurum
381 1258 417 1320 et
438 1251 621 1341 Myrrham
642 1258 677 1320 et
689 1252 786 1320 Thus
804 1251 852 1340 (1)
870 1294 890 1303 -
908 1253 1035 1339 (Maria
1054 1253 1143 1322 dicit
1157 1254 1230 1322 Ma-

107 1363 202 1450 gis):
228 1363 350 1430 Pacem
373 1361 498 1429 afferte
521 1361 557 1428 in
582 1361 709 1429 Terras
736 1368 900 1431 vestras:
927 1362 1097 1431 securitas
1125 1364 1231 1432 abun-

107 1472 168 1539 det
185 1469 225 1536 in
240 1470 351 1558 Plaga
373 1475 504 1537 vestra:
522 1469 751 1538 APOSTOLI
767 1469 942 1541 Veritatis
957 1469 1153 1538 habeamini
1170 1493 1231 1560 per

107 1583 224 1646 totum
248 1581 399 1645 tractum
427 1577 538 1645 vestri
562 1577 721 1646 itineris
742 1577 866 1668 (Magi)
890 1580 963 1646 Pax
985 1577 1073 1646 Filii
1090 1578 1146 1646 tui
1169 1600 1231 1646 nos

109 1683 285 1752 conducat
314 1682 504 1750 incolumes
528 1683 572 1782 ad
595 1684 782 1773 Regionem
806 1691 978 1768 nostram,
1005 1685 1113 1754 sicuti
1136 1683 1231 1753 veni·

108 1814 207 1874 mus,
234 1796 269 1856 et
292 1791 428 1880 quando
452 1790 610 1859 Potestas
640 1791 730 1881 Ejus
758 1792 951 1882 possederit
971 1792 1130 1876 Mundos‚
1146 1791 1234 1860 visi·'

108 1905 162 1968 tot
174 1905 210 1966 et
222 1897 368 1986 Plagam
390 1904 556 1982 nostram,
576 1905 680 1990 atque
696 1900 875 1969 benedicat
891 1901 987 1968 illam
1001 1901 1142 1990 (Maria)
1162 1901 1230 1970 lae·
1251 1907 1254 1912 '

109 2011 209 2073 tetur
224 2004 341 2072 Persis
362 2004 488 2072 nuntio
511 2011 647 2090 vestro,
670 2007 805 2075 exultet
820 2007 922 2076 Orbis
945 2009 1158 2097 profectione
1174 2031 1231 2077 ve·

109 2121 207 2198 stra;
225 2112 287 2178 ubi
310 2117 426 2179 autem
448 2113 607 2202 Regnum
623 2113 710 2181 Filii
727 2113 793 2182 mei
816 2115 1021 2202 refulserit,
1047 2117 1137 2206 Ejus
1164 2139 1231 2207 pax

108 2220 245 2288 incolat
268 2220 353 2287 fines
376 2225 552 2288 vestros.»

178 2328 229 2395 ΙΙ.
255 2327 404 2417 Magnus
428 2329 555 2396 Tomos
582 2328 695 2397 Officii
718 2337 855 2419 praeter
879 2331 943 2400 illa
967 2354 1054 2425 quae
1077 2333 1118 2401 de
1142 2333 1232 2422 ejus-

111 2439 190 2506 dem
205 2437 354 2505 Narsaei
378 2438 528 2506 carmine
545 2437 642 2504 modo
659 2438 768 2506 citato
782 2439 885 2508 habet
896 2441 1042 2526 adscita,
1059 2439 1144 2509 haec
1161 2440 1233 2507 alia

10 2567 16 2642 ὲ
111 2565 156 2632 ao
182 2563 282 2630 nom.
302 2563 351 2630 Π.
377 2562 518 2632 Natalis
545 2563 687 2632 exhibeo
708 2549 1068 2638 aususausus:
1097 2549 1234 2637 lde-02

110 2704 231 2802 ,capp
262 2692 354 2778 1.ὲό
384 2697 503 2813 aad:
534 2689 628 2764 aab&
648 2694 871 2810 *iplxbsl
890 2696 1043 2794 cuppis
1062 2707 1234 2788 mlh-eff?

115 2879 133 2915 a
154 2850 268 2920 Stella
290 2850 360 2920 iter
396 2851 482 2920 fecit
515 2872 578 2940 per
603 2871 660 2917 ex·
679 2867 761 2929 μς
782 2867 841 2958 53⁶?
861 2843 968 2926 issa?
988 2836 1099 2924 melai
1119 2849 1235 2955 ,sssfles

113 2976 209 3044 celsa
232 2975 412 3061 sublimia,
439 2981 474 3044 et
496 2975 691 3046 concitavit
713 2975 867 3044 FILJOS
891 2975 1130 3060 PERSIDIS,
1159 2999 1235 3066 pro·

15 3168 19 3183 .
112 3084 211 3173 digio
235 3084 407 3168 maximo,
434 3089 475 3152 ut
498 3105 534 3152 se
559 3085 756 3153 conferrent
779 3084 822 3152 ad
842 3083 1076 3152 honorandam
1092 3084 1232 3154 Nativi-

111 3199 224 3261 tatem
247 3191 368 3281 chis,
396 3193 457 3284 qui
485 3215 527 3260 ex
554 3192 717 3261 David.»

181 3301 250 3367 111.
267 3299 471 3368 Timotheus
484 3299 739 3382 I.,Patriaroha
754 3299 790 3367 in
807 3299 882 3368 loco
899 3299 1008 3368 citato
1024 3322 1131 3390 supra
1143 3323 1172 3369 o.
1184 3301 1234 3368 ΙΙ.

114 3417 146 3490 §-
161 3409 227 3477 IV.
243 3406 285 3475 de
300 3429 383 3476 suae
398 3408 561 3478 Nationis
576 3415 612 3478 et
627 3408 885 3478 communionis
903 3409 1111 3478 excellentia
1128 3431 1236 3498 agens

113 3518 252 3607 ajebat:
282 3516 386 3585 «Nos
402 3516 598 3585 Orientales
622 3524 702 3586 ante
725 3541 842 3586 omnes
866 3517 1077 3586 credidimus
1100 3521 1137 3585 et
1159 3540 1246 3600 con-⁴

115 3625 201 3694 fessi
218 3647 338 3692 sumus
355 3625 546 3711 Christum,
565 3626 763 3695 testimonio
780 3626 861 3695 fidei
876 3632 1017 3694 nostrae
1037 3624 1237 3693 solemniter
1304 3635 1308 3638 ’

20 3783 22 3792 ,
114 3733 274 3802 exhibito
297 3757 358 3823 per
381 3735 532 3823 Legatos
554 3759 696 3804 aceruos
720 3735 911 3820 duodecim,
938 3733 1010 3825 qui,
1031 3733 1151 3803 Sidere
1174 3732 1236 3801 dn·

16 3813 384 4098 l—--„

185 4125 230 4202 (1)
249 4130 308 4182 Hos
327 4129 449 4195 quatuor
467 4129 624 4184 uersiculos
643 4131 762 4185 Narsaei
779 4131 838 4200 jam
857 4129 982 4182 inseruit
1001 4129 1031 4183 et
1049 4127 1129 4182 canit
1144 4126 1238 4180 llccle-

116 4221 162 4273 sia
180 4219 385 4273 chaldaeorum
403 4219 434 4272 in
455 4235 504 4272 suo
523 4221 631 4286 Macae
645 4223 729 4273 Temo
741 4221 860 4285 circuli,
876 4220 939 4275 scil.
953 4219 1047 4275 Officio
1062 4217 1168 4272 Divino
1180 4216 1236 4268 An-

117 4326 165 4376 no,
180 4309 260 4362 inter
277 4309 411 4362 Natalem
433 4312 462 4364 et
479 4310 681 4380 Epiphaniam.
