3056 4756
623 289 825 400 --166-Δ

162 420 417 489 Chaldaeorum
445 418 637 505 Manssuli,
663 419 701 488 in
722 418 904 488 Amidensi
929 419 965 488 S.
980 416 1160 488 Pathionis
1183 417 1284 488 Chal·

162 529 340 612 daeorum,
358 529 395 596 in
411 529 512 618 pagis
528 527 766 596 Maussulanis
784 527 912 596 Telkef
931 534 966 595 et
981 527 1128 613 Aloush,
1145 534 1180 596 et
1196 528 1282 597 alibi

161 640 403 706 asservantur.

230 744 330 812 Elias
354 749 577 833 cognomento
609 727 661 833 (1.1
658 748 811 836 ,ej-4)
839 742 991 812 Gevheri
1015 765 1057 810 ex
1081 742 1282 834 Hierosoly·
1313 764 1511 838 auennensem

162 851 297 920 mitano
308 852 596 922 Nestorianorum
608 852 791 942 Episcopo,
803 851 1180 920 aJoannePatriarcha
1195 873 1284 921 anno
1297 829 1466 887 mmm*

162 961 300 1028 Christi
316 959 409 1045 893,
427 961 661 1028 Damascenus
677 961 829 1050 ejusdem
848 961 969 1030 Sectae
984 961 1209 1050 Metropolita
1231 983 1283 1028 or·

162 1069 308 1136 dinatus
324 1068 406 1136 fuit.
422 1068 543 1138 Vitam
559 1069 734 1159 protraxit
749 1069 792 1137 ad
809 1091 936 1137 annum
953 1069 1086 1137 Christi
1099 1069 1192 1138 circa
1203 1067 1284 1158 905.

128 1225 135 1236 .
161 1174 255 1264 Ejus
277 1175 498 1243 Nomocanon
521 1175 695 1244 Arabicus
717 1197 738 1242 6
760 1175 859 1243 nobis
882 1175 1050 1243 laudatus
1073 1179 1191 1244 exstat
1215 1197 1284 1242 ma·

160 1282 367 1372 nuscriptus
382 1283 418 1350 in
434 1283 654 1351 Bibliotheca
677 1282 862 1366 Vaticana,
882 1289 918 1351 et
932 1281 970 1350 in
985 1281 1207 1350 Bibliotheca
1219 1283 1283 1351 Ec·

162 1389 291 1458 6166166
315 1390 353 1458 S.
373 1390 555 1458 Pethicnis
586 1390 733 1459 Amidae
765 1389 1028 1459 Chaldaeorum.
1061 1389 1146 1457 Alia
1179 1391 1284 1460 etiam

160 1499 278 1568 edidit
298 1500 534 1568 Damascenus
557 1499 625 1568 iste
648 1521 763 1590 opera,
789 1521 876 1591 quae
892 1498 1007 1568 videri
1024 1503 1169 1589 possunt
1191 1499 1283 1590 apud
1335 1527 1337 1536 ’

161 1609 199 1677 J.
220 1609 258 1677 S.
277 1610 412 1676 Assem.
432 1607 458 1674 l.
479 1632 508 1676 c.

230 1715 331 1784 Elias
347 1715 405 1784 hic
421 1738 512 1784 nnus
535 1721 589 1784 est
610 1739 652 1784 ex
677 1715 933 1785 successoribus
948 1716 1040 1783 Bar·
1043 1714 1187 1799 Manae,
1206 1738 1281 1784 suc·
1311 1735 1399 1846 anom
1397 1737 1461 1784 sue
1464 1735 1511 1782 stc

162 1822 378 1914 cessitque
364 1846 444 1911 Jure
467 1821 703 1908 hereditario,
729 1823 765 1889 in
794 1822 1078 1890 Patriarchatum
1105 1813 1352 1908 Nestoris-ff
1339 1813 1449 1919 Ἥ..
1454 1811 1512 1972 Ρξζ

160 1955 286 1999 norum
301 1929 339 1996 in
354 1929 582 1997 Maussulane
598 1929 756 2014 civitate,
775 1951 832 1997 an.
848 1928 930 1998 Chr.
952 1927 1051 1997 1591.
1070 1931 1183 2018 Legat
1186 1951 1222 1996 os
1169 1929 1283 1998 tad
1295 1926 1510 2034 33¹¹,
1427 1988 1512 2098 ,⁶th

163 2037 318 2106 Paulum
341 2037 387 2105 V.
412 2036 510 2105 misit
532 2058 621 2104 anno
646 2037 746 2105 1607.
771 2037 903 2105 Iterum
927 2060 1004 2106 cum
1022 2036 1135 2105 Adam
1157 2035 1283 2104 Archi·
1297 2051 1358 2098 daeo
1502 2074 1511 2082 -

161 2144 350 2228 mandrita,
371 2143 474 2231 cujus
497 2149 597 2232 gesta
620 2145 781 2234 superius
798 2145 1058 2235 descripsimus,
1077 2145 1233 2214 Litteras
1249 2127 1314 2212 et¹¹

160 2252 416 2320 Professionem
430 2251 544 2337 Fidei,
559 2253 756 2320 nestoriano
773 2275 888 2322 errore
905 2257 1090 2338 scatentes,
1109 2275 1166 2320 an.
1184 2251 1283 2339 1610,

161 2357 272 2442 misit,
298 2357 480 2446 postulans
502 2363 545 2425 ut
568 2357 661 2450 siqui
687 2359 831 2426 suntin
855 2381 920 2430 sua
942 2359 1029 2428 Fide
1054 2381 1190 2428 errores
1213 2381 1285 2428 cor·

1296 2051 1458 2163 nolblll.b

160 2466 376 2555 rigarentur,
398 2468 434 2532 et
457 2465 494 2531 in
510 2463 789 2533 Communionem
806 2465 905 2534 Sedis
921 2467 1144 2557 Apostolicae
1161 2466 1285 2535 admit·

160 2579 310 2642 teretur.
329 2571 433 2640 Anno
457 2572 557 2640 1616.
577 2571 724 2641 Amidae
749 2573 927 2662 Synodum
950 2573 1085 2659 habuit,
1104 2575 1163 2642 cui
1177 2575 1284 2642 inter·

161 2682 261 2750 fuere
285 2704 362 2749 cum
384 2681 460 2770 ipso
483 2680 779 2771 Archiepiscopus
803 2682 926 2750 Senior
941 2705 1002 2751 seu
1021 2685 1182 2752 Decanus
1197 2684 1284 2752 Hes·

162 2789 293 2874 nensis,
318 2788 614 2878 Archiepiscopus
639 2789 845 2875 Seertensis,
871 2789 1162 2882 Archiepiscopus
1186 2792 1285 2860 Gezi·

160 2898 295 2983 reneis,
321 2895 614 2987 Archiepiscopus
643 2897 990 2986 Hierosolymitanus
1013 2905 1049 2967 61
1070 2899 1282 2984 Amidensis,

160 3004 353 3095 Episcopus
375 3003 554 3086 Persidis,
581 3009 617 3072 et
638 3002 936 3093 Archiepiscopus
958 3005 1133 3074 Vanensis
1158 3006 1195 3073 in
1218 3005 1285 3073 Ar-

161 3111 287 3196 menia,
314 3117 348 3179 et
370 3111 407 3178 in
432 3132 501 3202 qua
523 3110 681 3194 Diodori,
705 3110 891 3195 Theodori,
917 3117 953 3180 et
975 3112 1130 3180 Nestorii
1146 3114 1288 3181 tandem

162 3219 320 3308 abjurati
350 3219 495 3306 inerunt
528 3241 672 3288 errores.
699 3219 793 3286 Haec
826 3219 900 3286 fuit
928 3225 1067 3310 quarta,
1094 3221 1131 3288 in
1155 3221 1285 3290 Ordine

161 3326 340 3416 temporis,
353 3327 386 3396 N
388 3325 640 3395 estorianorum
656 3349 731 3396 cum
742 3327 901 3398 Ecclesia
914 3328 1069 3396 Romana
1084 3328 1284 3418 conjunctio

161 3434 350 3526 generalis,
366 3455 469 3526 quam
482 3434 518 3504 J.
532 3434 570 3503 S.
580 3434 807 3504 Assemanius
823 3435 1001 3521 describit,
1017 3457 1058 3502 ex
1071 3437 1109 3504 P.
1126 3437 1281 3522 Strozza,

163 3545 202 3612 in
216 3565 280 3611 sua
291 3543 332 3610 B.
344 3543 384 3610 Ο.
396 3549 424 3610 1.
436 3542 468 3612 l.
480 3565 501 3610 a
513 3565 593 3634 pag.
606 3543 684 3611 543.
700 3548 735 3611 et
750 3549 777 3611 t.
797 3542 830 3612 3.
845 3566 919 3632 par.
932 3544 964 3611 2.
977 3565 1057 3632 pag.
1067 3543 1146 3611 412.
1159 3550 1233 3622 ett.
1248 3545 1281 3614 3.

162 3677 196 3742 p.
210 3651 243 3719 1.
257 3673 338 3740 pag.
350 3650 428 3718 622.
440 3649 532 3720 Acta
548 3674 662 3741 porro,
680 3650 917 3718 Professiones
933 3650 1026 3735 fidei,
1042 3657 1077 3719 et
1091 3651 1281 3742 Epistulae,

161 3765 238 3828 tum
255 3759 355 3827 Elias
379 3758 487 3848 hujus
510 3759 749 3844 Patriarchae,
769 3763 844 3826 tum
866 3758 944 3848 ejus
968 3757 1115 3848 Synodi,
1141 3781 1161 3826 a
1184 3761 1284 3828 nobis

160 3867 327 3950 landate,
354 3871 495 3935 exstant
518 3866 609 3957 apud
634 3871 858 3936 memoratum
876 3867 1020 3936 Strozza
1045 3866 1082 3934 in
1110 3889 1209 3957 opere
1242 3868 1284 3936 de

160 3977 285 4065 Dogm.
298 3979 335 4042 et
350 3974 482 4064 Synod.
501 3973 705 4043 Chaldaeor.
722 3974 811 4042 alias
828 3973 947 4058 citato,
966 3995 1006 4041 ex
1032 3973 1221 4043 Chaldaico
1244 3974 1282 4042 in

159 4083 313 4152 latinum
329 4085 372 4151 ab
387 4083 508 4152 Isaaco
521 4082 721 4150 Sciadrensi
738 4105 851 4152 versa.
865 4083 983 4172 Hujus
996 4082 1110 4151 felicis
1122 4081 1282 4150 Eventus

160 4191 359 4260 memoriam
370 4213 480 4281 nuper
495 4191 567 4280 legi
583 4190 690 4258 etiam
705 4190 743 4258 in
758 4213 821 4259 ms.
838 4191 975 4260 arabico
984 4190 1153 4259 Amideno
1170 4189 1281 4258 vitam

160 4305 197 4367 et
212 4305 318 4388 gesta.
336 4298 359 4367 J
363 4297 481 4390 osephi
500 4299 530 4366 1.
550 4297 776 4368 Patriarchae
800 4297 1050 4368 Chaldaeorum
1070 4297 1278 4368 continente.
