3056 4756
605 197 806 266 -131-

207 322 243 390 ὃ·
257 321 358 406 Quod
381 321 573 393 Iesudadus
599 323 791 414 Episcopus
818 324 1014 410 Hadithae,
1042 330 1078 394 et
1102 323 1262 394 Salomon

138 429 366 520 Metropolita
388 429 727 499 Prath·hlasanensis
751 453 812 500 seu
835 432 1017 516 Bassorae,
1043 432 1259 518 Nestoriani,

139 561 204 607 nec
227 560 295 606 non
318 538 449 606 Amrus
470 538 641 608 Matthaei
664 539 972 629 historiographus
1003 539 1134 631 aliique
1157 541 1261 629 Igna·
1391 552 1394 556 '

139 647 232 714 tium
248 645 300 713 ita
314 645 472 732 laudent,
491 652 534 715 ut
548 646 641 716 inter
657 648 860 738 praecipuos
876 647 939 716 SS.
950 647 1128 717 Ecclesiae
1139 647 1260 718 Recto-

138 777 196 823 res
218 761 255 823 et
277 754 479 844 Magistros,
498 763 712 825 recenseant.

205 863 240 930 4·
257 861 370 948 Quod,
388 862 430 931 de
453 863 600 955 reliquo,
619 863 821 935 Nestoriani
844 864 993 934 libenter
1016 865 1195 933 fateantur
1218 865 1261 933 ab

137 993 224 1039 aevo
248 970 448 1061 Apostolieo
472 993 580 1063 nsque
604 972 647 1040 ad
671 973 941 1042 Nestoriauismi
963 972 1198 1057 invasionem,
1225 996 1262 1042 se

136 1100 305 1170 suamque
327 1077 519 1147 Ecclesiam
542 1080 780 1150 Antiochense
803 1080 913 1149 fuisse
937 1087 1083 1170 partem,
1114 1103 1262 1172 suosque

136 1187 317 1278 praesules
340 1208 495 1276 magnos,
520 1186 810 1278 Archiepisoopos
838 1188 1003 1257 videlicet
1026 1187 1203 1257 Seleuciae
1226 1194 1263 1256 et

136 1293 434 1384 Ctesiphontis,ab
446 1294 616 1384 Episcopo
628 1295 846 1363 Antiocheno
859 1294 1139 1364 ceuPatriercha
1150 1297 1261 1364 totius

4 1467 9 1484 ,
136 1401 294 1470 Orientis
320 1401 533 1492 dependisse,
554 1404 597 1470 ab
616 1402 799 1494 eodemque
814 1402 1074 1472 Ordinationem
1097 1402 1260 1494 primitus

136 1509 296 1598 accipere
319 1510 554 1578 consuevisse.

203 1615 230 1684 J
231 1615 379 1684 abalaha
395 1617 504 1706 (Deus
517 1617 628 1702 dedit)
644 1639 686 1685 ex
703 1639 828 1706 genere
844 1616 1034 1687 Turccrum
1051 1617 1088 1684 iu
1104 1616 1259 1706 Regione
1291 1628 1419 1704 resume
1434 1632 1482 1677 111·

135 1722 281 1814 Catejae
292 1729 409 1808 uatus,
424 1723 533 1813 hujus
545 1725 694 1792 nominis
705 1723 790 1808 HL,
804 1723 1089 1794 Nestorianorum
1102 1723 1258 1792 Patriar·
1272 1691 1484 1802 demidii?

135 1831 203 1900 cha
232 1829 360 1899 celebri
387 1830 621 1899 Bar-hebraeo
644 1831 815 1920 Gregorio
845 1830 1080 1899 Iacobitarum
1109 1830 1258 1898 Primati
1272 1829 1305 1863 ¹¹⁰
1322 1818 1391 1866 ¹⁸⁰⁴·

4 2025 6 2034 γ
136 1960 298 2024 coaevus,
323 1937 510 2006 Benedicto
537 1939 651 2028 Papae
678 1939 743 2007 XI.
769 1961 831 2028 per
856 1937 1017 2006 Iacobum
1039 1936 1257 2026 Religiosum

4 2063 6 2090 ¹
134 2046 273 2130 virum,
307 2067 397 2114 anno
424 2045 548 2115 Graec.
575 2047 674 2114 1616.
704 2046 838 2117 Christi
862 2046 977 2130 1304,
992 2046 1131 2114 Literas
1160 2045 1253 2132 illas,

136 2175 284 2246 quarum
307 2153 518 2243 protulimus
533 2155 782 2241 testimonium,
801 2177 843 2222 ex
859 2153 1005 2244 Maroga
1020 2153 1175 2223 Ciuitate
1190 2155 1256 2222 Ee·

135 2263 199 2352 gui
215 2263 400 2332 Persarum
422 2263 575 2332 miserat.
593 2263 783 2353 Exemplar
806 2285 925 2332 eorum
948 2263 1058 2332 latine
1073 2285 1255 2333 versurum

133 2374 254 2438 exstat
268 2369 361 2459 apud
376 2368 602 2459 Raynaldum
618 2369 662 2438 ad
678 2370 796 2459 praed.
812 2393 868 2438 an.
885 2369 985 2439 1304.
1000 2393 1095 2438 num.
1114 2369 1170 2438 23.
1189 2369 1256 2439 hac

132 2477 412 2546 Eminentissimi
433 2477 580 2546 Beronii
603 2479 757 2568 praefixa
780 2484 863 2547 nota
889 2507 906 2542 a
922 2479 987 2547 hoo
1010 2500 1111 2564 anuo,
1137 2477 1257 2570 inquit

134 2586 313 2656 Barouius
336 2587 388 2676 (in
410 2587 455 2657 N.
473 2586 551 2674 ln),
577 2594 657 2656 aute
680 2587 812 2656 obitum
834 2587 1036 2671 Benedicti,
1061 2587 1256 2678 Episcopus

132 2694 366 2763 Orientalium
390 2694 533 2785 scripsit
555 2694 679 2764 literas
702 2695 880 2765 chaldaice
904 2695 948 2764 ad
972 2695 1086 2785 ipsum
1109 2695 1255 2764 Benedi-

5 2821 7 2890 ᾖ
132 2808 230 2870 ctum
251 2802 443 2870 Romanum
462 2801 676 2887 Pontificem,
694 2804 821 2895 quibus
844 2803 947 2872 fidem
969 2803 1178 2872 catholicam
1200 2807 1256 2870 est

131 2911 324 3001 professus,
343 2913 543 3002 fateturque
565 2913 754 2980 Romanam
777 2912 970 2981 Ecclesiam
994 2935 1068 2981 esse
1091 2918 1198 3002 ceput
1220 2934 1252 2980 o·

130 3019 265 3087 mnium
279 3019 528 3088 Ecclesiarum.
546 3020 705 3089 Habetur
719 3020 811 3088 libro
834 3021 1108 3110 Privilegiorum
1129 3022 1252 3089 Roma·

131 3149 198 3194 nae
213 3125 390 3195 Ecclesiae
406 3130 447 3212 (t.
467 3125 500 3194 d.
518 3151 552 3216 p.
572 3127 665 3212 277):
684 3127 856 3195 habentur
872 3127 948 3196 illic
971 3127 1068 3217 ipsae
1090 3126 1250 3196 literae.»

5 3249 9 3278 ³
131 3233 361 3325 Prosequitur
371 3234 593 3324 Raynaldus:
608 3233 867 3325 aproducimus,
882 3235 946 3319 ait,
956 3255 1016 3302 eas
1031 3258 1049 3302 e
1065 3239 1252 3303 memorato

131 3342 322 3428 volumine,
337 3364 425 3434 quae
440 3343 608 3432 subjectis
622 3343 738 3411 verbis
755 3348 939 3433 conceptae
951 3348 1075 3411 suntrn
1091 3341 1251 3433 sequitur

130 3450 304 3542 Epistola.
330 3450 382 3519 De
405 3471 474 3541 qua
497 3472 534 3518 re
557 3449 663 3517 etiam
686 3449 892 3538 Spondanns
915 3449 959 3518 ad
982 3471 1038 3518 au.
1066 3448 1165 3517 1305.
1192 3449 1251 3519 Sic

130 3564 258 3628 narrat
284 3558 382 3628 uhoc
411 3557 546 3643 eodem,
572 3559 643 3644 ait,
670 3581 779 3642 anno,
804 3558 895 3626 idem
918 3557 1080 3628 Pontifex
1104 3559 1250 3628 Benedi-

128 3675 208 3738 ctus
230 3667 298 3738 XI.
315 3667 460 3737 nuncios
485 3667 618 3756 accepit
641 3688 681 3735 ac
703 3667 828 3735 literas
851 3689 872 3734 a
895 3666 1069 3735 Jahalaha
1092 3667 1248 3736 Patriar·

128 3776 194 3846 cha
222 3773 455 3843 Orientalium
482 3773 760 3842 Christianorum
787 3773 953 3842 chaldaeo
979 3774 1144 3844 idiomate
1171 3798 1248 3844 con·

127 3883 297 3974 scriptas3
324 3883 450 3974 quibus
472 3882 660 3951 Romanam
675 3882 869 3952 Ecclesiam
892 3903 933 3951 ae
955 3881 1032 3970 ejus
1047 3883 1249 3952 Pontificem

6 4013 14 4038 ⁵
128 4014 301 4062 summum
332 3989 483 4058 omnium
512 3989 790 4058 Christianorum
816 3990 994 4058 Pastorem
1025 4011 1065 4058 ac
1087 3990 1248 4059 dudicem

128 4099 384 4190 agnoscebat.»
409 4099 517 4166 Porro
539 4102 624 4166 tuuc
645 4097 759 4166 locum
782 4097 908 4165 habuit
922 4097 1173 4181 Reconciliatio
1197 4123 1248 4170 se·

129 4205 245 4279 cunda
266 4205 452 4298 generalis,
479 4227 540 4275 seu
563 4205 829 4292 Patriarohalis,
855 4206 1142 4278 Nestorieuorum
1169 4231 1247 4278 cum
