3056 4756
744 235 944 304 -120-

285 363 322 428 et
337 359 524 429 Extremae
532 357 716 428 Unctionis
732 401 753 409 -
769 361 1023 430 Confessionem
1038 361 1283 432 Auricularem
1298 401 1323 414 -
1335 363 1403 432 Cu·

286 468 433 536 stodiam
450 473 486 536 et
501 467 634 536 cultum
650 467 714 536 SS.
724 468 972 538 Eucharistiae
988 469 1204 539 Sacramenti
1220 470 1258 538 in
1266 470 1401 556 Alteri,

284 575 374 644 citra
395 576 537 644 Missam
553 619 575 626 -
592 577 787 646 Discrimen
810 578 903 646 inter
920 584 1061 667 peccata
1078 579 1203 668 gravia
1220 585 1254 648 et
1270 579 1368 648 levia
1381 619 1405 630 ·-
1518 633 1519 676 ;

282 683 510 771 Purgationis
533 690 569 752 et
590 684 813 774 Erpiationis
836 685 948 754 locum
972 685 1009 752 in
1042 686 1155 754 altera
1178 687 1263 758 Vita
1278 685 1403 754 -Exi-
1518 689 1519 696 ’

283 791 448 858 atentiam
471 791 601 880 Angeli
625 792 787 862 Custodia
821 815 883 882 pro
919 815 1124 884 unoquoque
1147 793 1284 862 homine
1299 833 1323 846 -
1341 795 1403 862 Li-

283 896 452 963 bertatem
475 897 653 966 Ecclesiae
687 899 724 966 in
758 899 931 988 eligendis
959 893 1069 968 s'acris
1093 900 1167 968 suis
1191 900 1365 968 ministris
1381 939 1403 950 -

282 1003 515 1094 Virginitatis
537 1010 574 1072 et
595 1006 823 1074 Monachatus
853 1006 1105 1092 excellentiam,
1132 1015 1167 1074 et
1191 1007 1274 1074 alia.
1304 1008 1403 1090 Quae

283 1112 396 1181 omnia
418 1113 556 1182 utiliter
579 1119 693 1204 posset
716 1115 794 1204 quis
815 1113 908 1202 juris
930 1115 1061 1204 publici
1084 1115 1226 1201 efficere,
1245 1115 1342 1184 edita
1356 1115 1403 1186 ad

282 1219 347 1287 hoo
370 1221 514 1310 speciali
536 1221 797 1291 elucubratione
820 1223 976 1291 textibus
993 1222 1227 1311 originalibus
1249 1225 1399 1292 munita.

828 1501 865 1572 (l

67 1731 269 1844 tegnstituuonels
348 1729 538 1820 Ebedjesus
554 1729 715 1798 Sobeusis
727 1729 765 1796 in
777 1727 942 1817 catalogo
953 1727 1082 1818 Script.
1099 1727 1181 1817 Syr.
1193 1727 1317 1796 laudat
1325 1727 1402 1798 Cle·

53 1809 84 1916 ἕο
96 1809 269 1919 ,aniliildl-
281 1839 407 1906 mentis
429 1839 586 1924 Romani,
606 1862 705 1930 quem
721 1862 827 1906 unum
844 1838 885 1906 de
901 1837 1049 1904 LXXII.
1073 1837 1255 1927 discipulis
1271 1842 1403 1928 putant

54 1937 116 1969 ‘um'
281 1947 489 2030 Orientales,
516 1968 630 2035 opera,
657 1941 744 2037 quae
768 1952 869 2012 sunt:
894 1945 1054 2012 Historia
1077 1945 1174 2013 Petri
1195 1951 1230 2012 et
1245 1943 1349 2012 Pauli
1365 1951 1402 2014 et
1518 1999 1519 2048 1

280 2055 427 2124 Joannis
450 2057 486 2122 et
509 2053 773 2142 Apostolorum3
800 2051 1051 2141 eorundemque
1074 2050 1250 2119 Oenones:
1276 2059 1312 2120 et
1328 2075 1399 2120 ser·
1518 2049 1519 2082 ¹

280 2185 396 2231 mones
421 2161 589 2250 (ejusdem
612 2160 825 2244 Clementis).
852 2157 942 2227 Sane
966 2158 1241 2227 constitutiones
1259 2181 1320 2227 seu
1336 2159 1400 2227 Ca-

278 2294 384 2340 nones
406 2269 586 2360 Apostolis
609 2267 803 2357 adscriptos
827 2267 912 2355 Syri
935 2290 1050 2335 omnes
1073 2273 1109 2335 et
1132 2267 1196 2334 alii
1222 2273 1400 2359 tamquam

259 2453 263 2458 ,
279 2380 464 2469 genuinam
480 2375 667 2447 Clementis
683 2376 790 2465 hujus
806 2375 1050 2444 collectionem
1066 2381 1271 2464 agnoscunt.
1286 2375 1398 2444 Ebed·
1518 2447 1519 2478 ¹

275 2487 373 2574 jesus
395 2492 512 2553 noster
536 2483 677 2551 videtur
700 2479 919 2571 praeludium
943 2482 987 2549 ad
1010 2483 1158 2571 primum
1181 2483 1324 2550 Tomum
1341 2483 1399 2550 sui
1518 2487 1519 2530 l

278 2592 540 2676 Nomocanonis,
555 2613 617 2658 seu
631 2590 782 2679 Epitom.
796 2589 903 2657 Canu.
917 2589 1063 2678 Synod.,
1075 2589 1176 2659 hosce
1191 2591 1347 2660 Cancnes
1363 2597 1401 2659 et
1518 2585 1519 2654 ἶ

278 2699 553 2769 Constitutiones
569 2698 816 2788 Apostolorum
840 2721 901 2766 seu
918 2702 973 2785 (ut
988 2698 1114 2768 ibidem
1132 2699 1312 2786 dicuntur)
1330 2699 1399 2788 Sy·
1518 2741 1519 2758 ÷

278 2811 405 2878 nodum
417 2809 447 2876 I.
465 2811 501 2876 et
512 2807 690 2896 Synodum
703 2806 752 2873 H.
770 2805 1028 2896 Apostolorum,
1050 2807 1253 2896 praefixisse
1275 2806 1398 2894 (sicuti

242 2910 246 2918 ’
278 2917 434 2985 cernitur
453 2916 490 2982 in
511 2914 762 2984 vetustioribus
789 2914 1038 3003 manuscriptis
1064 2914 1219 3003 ejusdem
1240 2914 1394 3004 Epitom.
1518 2991 1519 3000 ἵ

279 3024 380 3105 Quod
403 3024 573 3113 adprobat
584 3021 619 3090 J.
634 3022 816 3091 S.Assem.
831 3023 873 3088 B.
888 3021 927 3089 Ο.
942 3028 970 3089 t.
986 3022 1018 3089 3.
1034 3046 1068 3111 p.
1084 3022 1116 3091 1.
1127 3047 1189 3092 neo
1205 3046 1272 3090 non
1288 3023 1398 3092 Erirus
1518 3023 1519 3096 l

278 3131 406 3222 Majus,
426 3132 487 3224 qui
509 3133 759 3200 Documentum
782 3131 891 3214 istud,
917 3131 981 3200 hoc
1005 3133 1069 3200 sub
1092 3137 1263 3222 respectu,
1281 3132 1397 3222 publi·

280 3240 376 3308 cavit
397 3239 434 3307 in
459 3239 552 3308 Sorr.
568 3240 665 3308 Vett.
688 3239 733 3308 N.
748 3237 785 3305 O.
812 3261 830 3307 e
847 3239 946 3307 Vatt.
973 3235 1078 3307 Codd.
1096 3240 1181 3308 edit.
1201 3245 1228 3308 t.
1251 3240 1327 3326 Χ.).
1345 3239 1399 3307 De

278 3348 401 3416 iisdem
437 3370 539 3437 porro
569 3345 686 3415 Const.
712 3347 836 3436 Apost.
862 3345 1100 3414 Ecchellensis
1123 3348 1160 3414 in
1185 3369 1285 3438 opere
1310 3375 1327 3410 u
1344 3347 1400 3417 De

278 3474 423 3562 Origine
454 3471 612 3540 Nominis
634 3471 778 3562 Papaen
805 3471 869 3538 sub
900 3471 1009 3538 titulo
1043 3462 1162 3544 M?
1191 3463 1392 3564 Nam,
1518 3485 1519 3544 l

278 3599 403 3668 scribit
428 3595 554 3666 rSunt
583 3596 648 3665 hae
683 3596 804 3665 variae
827 3597 1074 3686 Apostolorum
1104 3597 1394 3683 Constitutiones,

279 3729 365 3798 quas
389 3708 453 3774 sub
476 3707 591 3774 eodem
614 3705 721 3772 titulo
745 3705 856 3773 refert
878 3705 1034 3773 Clemens
1052 3705 1160 3794 Papa,
1185 3713 1221 3774 et
1240 3705 1276 3773 S.
1295 3705 1397 3774 Petri

278 3814 485 3904 discipulus,
511 3819 547 3882 et
570 3819 652 3882 sunt
674 3813 842 3881 maximae
866 3815 959 3904 apud
982 3813 1177 3881 Orientales
1192 3814 1396 3884 Auctorita-

278 3921 346 4006 tis,
372 3922 575 4011 praesertim
599 3919 710 4012 (qaod
738 3919 873 3988 videtur
895 3924 1059 4012 respicere
1075 3925 1189 4012 primo
1216 3923 1400 4012 Oripircolc

279 4030 412 4116 ipsura,
444 4027 522 4094 deire
550 4029 724 4096 arabicam
755 4031 963 4118 versionem)
989 4030 1027 4096 in
1054 4031 1213 4099 Ecclesia
1242 4031 1397 4100 Alexan-

279 4136 393 4204 drina.
422 4137 555 4204 Harum
578 4137 752 4226 exemplar
766 4136 951 4224 Syriacum
974 4159 1077 4226 penes
1100 4161 1162 4206 nos
1184 4134 1398 4228 (Maronitas
1518 4167 1519 4230 r

278 4246 455 4333 nimirum)
478 4250 543 4332 est3
568 4243 743 4314 arabicum
767 4251 864 4312 extat
886 4245 923 4312 in
945 4245 1024 4312 Bib.
1041 4244 1160 4314 Vatn
1518 4255 1519 4340 l
