3046 4756
591 317 633 327 -—
659 275 723 343 163
747 317 790 329 -

132 427 149 464 c
167 399 222 466 De
236 395 392 487 Regione
404 397 639 468 Maisanorum
651 401 831 492 profectus
848 399 919 468 fuit
934 398 1058 469 B.Ma-
1078 387 1250 528 ,xm

130 556 189 602 res
213 533 259 601 ad
281 532 454 622 Regiones
477 533 687 604 Huzitarum
712 545 747 607 et
770 541 1011 612 Persarum..
1034 595 1041 611 .
1061 544 1104 610 In
1128 545 1251 612 civita·

129 641 229 710 tibus
252 664 356 732 porro
379 642 455 710 illis
478 642 675 713 incolebant
697 648 936 737 negotiatores
958 651 1132 736 Huzitae,
1160 652 1253 722 sicut

131 757 168 820 et
190 773 297 819 nunc.
322 750 365 816 In
391 750 533 820 Perside
555 753 660 820 etiam
690 760 792 823 erant
814 758 1048 846 negotiatores
1072 760 1134 851 q‘ui
1157 783 1252 829 com-

131 860 255 928 mercii
279 859 398 948 gratia
421 882 456 928 se
480 860 704 931 contulerant
725 864 762 930 in
783 863 1013 952 Occidentem,
1040 868 1101 936 ubi
1126 869 1169 937 ad
1184 869 1251 938 Dei

129 967 299 1058 pietatem
331 975 547 1037 accesserant
576 993 637 1059 per
671 971 712 1040 B.
739 973 922 1043 Addaeum
946 977 1165 1066 Apostolum.
1203 973 1251 1044 Hi

130 1077 248 1165 igitur
269 1075 388 1152 fideles
414 1076 565 1145 Huzitae
593 1084 628 1146 et
654 1079 780 1149 Persae
814 1083 857 1150 ab
884 1082 1069 1152 Occidente
1098 1086 1251 1172 regressi

130 1184 253 1274 plures
275 1183 319 1251 ad
332 1183 433 1251 fidem
452 1192 698 1256 converterunt
713 1185 755 1255 'in
771 1189 852 1258 istis
870 1190 1114 1280 regionibus...
1136 1193 1250 1274 Quum

130 1294 252 1383 itaque
281 1291 441 1380 pervenit
466 1294 507 1360 B.
536 1292 650 1364 Mares
677 1297 721 1364 ad
738 1304 867 1366 terram
890 1299 1120 1384 Huzitarum,
1139 1295 1175 1367 et
1198 1300 1248 1367 ibi

130 1399 389 1469 christifideles
412 1400 516 1486 vidit,
542 1411 578 1472 et
600 1406 785 1473 Persarum
816 1406 960 1498 insuper
990 1406 1249 1475 conversionem

130 1508 299 1598 percepit,
326 1509 474 1578 maximo
497 1511 626 1599 gaudio
650 1513 798 1581 affectus
823 1512 916 1598 fuit,
943 1514 1026 1606 quia
1049 1513 1247 1602 paullulum

131 1617 301 1686 frumenti
324 1617 420 1686 inter
443 1618 580 1686 zizania
602 1620 743 1709 reperit.
782 1621 880 1690 'Punc
894 1643 965 1711 per
987 1622 1146 1710 regiones
1169 1621 1251 1688 illas

131 1726 326 1810 cicumivit,
352 1734 387 1795 et
402 1727 570 1817 plurimos
585 1729 686 1796 Pidei
710 1729 882 1814 initiavit,
910 1753 977 1821 quo
1001 1732 1105 1814 facto,
1135 1730 1178 1798 ad
1196 1752 1248 1798 re·

128 1835 251 1925 giones
273 1835 459 1904 inferiores
483 1835 685 1920 descendit,
713 1859 912 1929 quousque
936 1837 1019 1906 odor
1043 1837 1079 1907 S.
1099 1837 1249 1906 Thomas

128 1942 294 2031 Apostoli
318 1941 527 2031 perculerat:
546 1949 581 2011 et
604 1943 654 2010 ibi
677 1943 852 2033 ingentem
879 1944 1042 2033 populum
1066 1945 1110 2013 ad
1134 1945 1248 2013 Domi-

128 2075 211 2119 num
236 2056 394 2118 nostrum
416 2051 600 2119 adduxit.»

193 2159 227 2226 9.
254 2157 423 2227 Constitit
439 2165 556 2226 autem
567 2158 682 2227 Mares
695 2158 871 2230 Seleuciae
887 2165 922 2229 et
933 2160 1168 2250 Ctesiphonte,
1183 2158 1249 2226 Im-

127 2269 218 2361 perii
234 2267 429 2359 Metropoli,
447 2268 485 2336 in
507 2269 609 2358 cujus
633 2269 819 2359 praecipua
833 2269 990 2340 Ecclesia
1007 2269 1128 2338 Sedem
1151 2290 1247 2337 suam

128 2375 362 2467 primatialem
384 2375 465 2444 fixit
491 2380 527 2444 et
552 2374 838 2461 administravit,
868 2376 929 2444 ubi
956 2375 1124 2460 subinde,
1157 2396 1248 2452 anno

130 2485 267 2554 Christi
290 2484 347 2554 82.
372 2482 449 2553 vita
473 2485 628 2567 functus,
655 2483 814 2573 sepultus
837 2483 911 2552 fuit
933 2482 995 2571 (1).

132 2635 320 2648 ...---—-

199 2695 244 2772 (1)
262 2699 381 2752 Infinita
399 2696 597 2765 propemodum
616 2699 686 2750 sunt
703 2695 997 2762 Syro-chaldaeorum
1011 2697 1180 2765 scriptorum
1193 2711 1248 2749 mo-

129 2795 281 2856 numenta,
294 2805 364 2856 qnae
384 2788 528 2854 hucusque
542 2789 696 2840 memorata
714 2786 747 2839 de
766 2787 865 2854 primis
884 2789 1009 2854 ipsorum
1018 2787 1164 2854 Apostolis
1183 2802 1245 2839 con·

127 2881 366 2935 flrmant.Exstat
378 2878 496 2944 insuper
506 2893 591 2944 penes
604 2892 655 2929 uos
669 2878 889 2944 manuscriptum
899 2881 1095 2944 pervetustum
1104 2876 1175 2929 Acta
1186 2874 1245 2929 AA.
1319 2941 1324 2954 .

126 2971 247 3037 Addaei,
270 2972 300 3022 et
317 2969 466 3036 praecipue
485 2968 573 3021 Maris
591 2968 750 3021 continens.
773 2968 965 3022 Fundatorem
984 2985 1051 3022 suae
1070 2967 1246 3034 primatialis

126 3060 281 3125 Ecclesiae,
302 3074 373 3125 quae
393 3057 510 3110 decursu
528 3059 664 3125 temporis
683 3058 891 3111 Patriarchalis
911 3059 1019 3125 evasit,
1043 3062 1158 3126 praeter
1176 3057 1246 3110 'Pho-

11 3153 16 3175 '
127 3167 200 3205 mam
221 3146 412 3212 etAddaeum,
424 3146 514 3210 magis
533 3147 646 3213 proprie
664 3146 765 3200 hiarirn
782 3148 928 3200 celebrant
941 3147 1088 3202 Chaldaei.
1108 3147 1203 3200 Prima
1217 3150 1246 3200 et

127 3241 277 3308 antiquior
305 3238 427 3303 ceteris,
448 3253 505 3304 qua
527 3252 636 3304 semper
663 3238 708 3290 usi
731 3239 800 3290 sunt
823 3238 959 3291 chaldaei
981 3237 1115 3303 Liturgia
1134 3238 1246 3290 nomine

127 3333 228 3384 horum
247 3327 363 3380 duorum
381 3325 580 3393 Apostolorum
609 3331 653 3380 cst
681 3327 822 3394 inscripta
847 3332 876 3382 st
902 3331 1091 3396 pervulgata,
1112 3327 1245 3394 nihilque

126 3421 287 3490 praesefert
299 3417 372 3485 quod
391 3417 608 3470 authenticitati
627 3417 692 3472 huic
713 3417 838 3486 ejusdem
856 3418 1032 3472 adversetur.
1053 3416 1245 3470 Laudatcrum

126 3514 215 3566 trium
233 3512 430 3577 Apostolorum
449 3509 669 3576 uniuscujusque
689 3509 839 3575 specialem
858 3509 1019 3560 memoriam
1032 3509 1064 3562 in
1078 3508 1179 3573 Officio
1195 3524 1243 3560 suo

127 3607 235 3670 Maqno
253 3601 340 3654 iidem
358 3602 465 3654 colunt:
487 3600 608 3652 'l'homae
628 3599 740 3665 quidem
759 3600 889 3667 Apostoli
910 3599 1081 3653 die3Julii:
1098 3598 1244 3652 'thaddaei

127 3697 221 3748 autem
239 3693 386 3745 Dominica
406 3693 441 3746 V.
461 3693 526 3758 post
544 3689 809 3742 Resurrectionem:
835 3693 864 3742 et
882 3690 970 3743 Maris
993 3688 1077 3741 Faria
1099 3689 1148 3742 VI.
1170 3689 1243 3742 Heb-

16 3771 19 3797 ⁵
127 3784 262 3839 domadae
281 3783 319 3835 ΙΙ.
340 3782 468 3835 Aestatis
487 3782 516 3833 h.
533 3797 557 3833 e.
577 3779 661 3833 hebd.
681 3781 732 3833 IX.
753 3783 818 3847 post
840 3781 1038 3834 Pentecosten.
1063 3783 1243 3844 Magnarum

126 3873 312 3930 veneratione
332 3887 441 3939 semper
458 3871 585 3924 Ecclesia
599 3873 627 3923 et
640 3870 809 3924 Ooenobium
824 3873 853 3922 et
863 3870 965 3923 Schola
983 3869 1010 3922 S.
1022 3871 1111 3923 Maris
1125 3871 1156 3921 in
1169 3871 1243 3923 Dor·

127 3966 208 4018 Kena
226 3963 258 4014 in
276 3960 436 4026 Babylonia
454 3959 625 4027 ipsis'fnere
640 3959 726 4012 donec
746 3959 915 4026 superstitio
926 3959 1154 4014 hichammadaua
1168 3958 1243 4012 illud

125 4055 336 4108 monumentum
350 4065 479 4104 unacum
497 4049 599 4104 ceteris
612 4049 671 4101 fere
685 4050 814 4102 omnibus
828 4051 887 4102 solo
898 4051 1043 4116 aequavit,
1059 4051 1091 4102 in
1102 4053 1244 4116 postrema

108 4135 296 4216 'praesertim
316 4142 480 4197 vastatione
498 4139 694 4208 propemodum
713 4139 930 4208 irremediabili,
945 4156 1015 4207 quae
1028 4141 1059 4192 in
1078 4140 1243 4206 illaRegio-

127 4250 173 4304 us,
188 4237 221 4287 ut
233 4233 306 4286 alias
325 4232 451 4298 memini,
468 4231 656 4284 Christicolas
675 4233 799 4297 cunctos,
815 4230 884 4283 licet
897 4231 1102 4300 schismaticos,
1118 4231 1244 4298 qualiter

127 4329 195 4379 tunc
213 4323 319 4378 ibidem
338 4321 542 4376 existimantur
560 4322 650 4376 luisse
670 4321 729 4391 iere
749 4337 853 4388 omnes,
875 4323 960 4377 letali
979 4323 1073 4376 affecit
1092 4321 1212 4376 excidio.

1108 4437 1124 4470 tt
