3056 4756
699 64 904 132 -118-

150 242 152 248 .
242 191 292 260 sti
322 191 424 260 1043.
444 191 542 259 Inter
565 189 642 313 ejus
665 193 774 280 script
776 214 809 277 c,
835 213 924 284 quae
946 191 1058 260 multa
1082 191 1191 260 fuisse
1214 190 1365 326 Eruditi

240 298 399 383 tradunt,
426 303 570 390 sequent
571 297 606 364 ia
555 298 785 367 tlaudavi.

307 407 337 474 I.
364 406 697 476 commentarium
685 430 723 473 m
753 407 991 496 Evangelium
1025 409 1211 478 Matthaei.
1230 408 1365 476 Exstat

241 513 376 597 unicus,
395 513 485 604 quod
501 513 793 597 noverim,Codex
810 515 1071 605 manuscriptus
1086 517 1123 583 in
1140 515 1363 584 Bibliotheca

241 619 418 688 Ecclesiae
443 621 479 688 S.
505 619 686 687 Pethionis
708 621 890 690 Amidensi
912 622 1178 691 Chaldaeorum.

307 727 357 794 II.
383 727 628 796 Collectionem
652 727 846 814 Canonum,
873 730 976 818 cujus
1000 737 1072 799 tres
1095 732 1180 799 novi
1203 731 1359 800 Codices:

242 835 375 924 primus
387 842 440 902 est
455 835 693 904 Bibliothecae
709 837 919 923 Vaticanae;
938 840 1110 908 secundus
1126 845 1180 906 est
1195 839 1363 910 Archivii

241 943 283 1010 B.
303 943 501 1012 Meskentae
535 943 708 1032 Martyris
739 944 1007 1030 Maussulanae,
1035 970 1123 1037 quae
1154 954 1207 1014 est
1240 952 1363 1014 nostra

243 1051 474 1120 Cathedralis.
501 1051 644 1118 Tertius
668 1051 773 1120 codex
809 1059 906 1120 extat
941 1053 1018 1121 heic
1052 1055 1181 1122 Romae
1203 1053 1240 1122 in
1263 1055 1359 1122 Bibl.

241 1157 329 1251 Coll.
348 1159 433 1226 Urb.
455 1158 496 1226 de
513 1159 552 1225 P.
570 1159 612 1226 F.
636 1181 748 1249 nuper
772 1160 814 1228 de
837 1161 901 1229 hoc
924 1167 1043 1230 nostro
1062 1161 1289 1230 Maussulano
1305 1185 1362 1230 ex·

244 1266 396 1356 scriptus
420 1269 484 1354 (1).

309 1375 377 1441 III.
402 1374 680 1463 Evangelarium
703 1377 961 1460 Nestoriauum,
984 1377 1074 1467 quod
1098 1377 1286 1446 novissime
1309 1401 1362 1446 re·

242 1483 317 1571 peri
340 1483 377 1550 in
400 1482 518 1550 Museo
541 1483 716 1572 Bargiano
740 1483 893 1572 ejusdem
915 1485 959 1553 V.
982 1485 1070 1552 0011.
1090 1485 1175 1553 Urb.
1197 1486 1239 1553 de
1256 1486 1361 1574 Prop.

242 1589 342 1675 Fide,
363 1587 545 1658 Lectiones
570 1590 749 1658 continens
765 1590 870 1678 juxta
886 1591 1040 1658 ordinem
1056 1591 1162 1660 Ritus
1174 1591 1364 1660 Chaldaeo-

243 1699 519 1766 nestorianorum
541 1698 579 1765 in
602 1699 756 1786 Regicne
780 1701 986 1787 praesertim
1001 1698 1229 1766 Maussulana
1248 1701 1363 1768 obser·

244 1805 407 1889 vandum,
434 1805 620 1873 secuudum
637 1805 794 1874 Officium
818 1807 949 1894 grande
971 1807 1008 1873 in
1024 1806 1236 1874 Mcnasterio
1251 1807 1364 1896 Supe-

243 1914 331 1982 riori
353 1914 564 1997 Maussulae,
583 1915 628 1983 ad
651 1914 799 2002 Tigrim,
819 1914 900 1982 olim
924 1914 1113 1982 redactum.
1132 1915 1200 1982 Est
1221 1914 1365 1982 induas

244 2022 421 2091 columnas
453 2023 627 2092 divisum:
654 2022 868 2092 chaldaicam
902 2012 938 2090 et
972 2023 1159 2090 arabicam.
1186 2023 1282 2090 Haec
1305 2045 1365 2111 pc-

245 2137 385 2213 strema,
404 2130 528 2198 nedum
546 2129 692 2218 simplex
710 2130 836 2214 versio,
853 2129 1051 2198 dicendast
1067 2136 1120 2198 001
1136 2128 1365 2220 paraphrasis

243 2237 402 2320 alterius,
429 2236 566 2304 scilicet
581 2235 754 2302 chaldaici
776 2243 896 2304 textus
920 2241 996 2322 (seu
1014 2236 1161 2304 celebris
1177 2235 1365 2304 Versicnis

245 2343 564 2435 syro-chaldaicae,
592 2344 693 2432 ccclpo
718 2343 883 2427 Pscittae,
910 2343 946 2410 h.
965 2368 995 2412 0.
1017 2343 1220 2432 Simplicis).

312 2453 423 2535 Quam
441 2451 682 2542 paraphrasim
699 2451 830 2518 foetum
846 2473 920 2518 esse
943 2453 1056 2519 nostri
1075 2451 1255 2519 Benattihi
1271 2451 1366 2519 nulli

245 2560 412 2645 dubium,
439 2559 656 2648 argumentis
684 2559 886 2627 intrinsecis
920 2567 956 2628 et
990 2560 1197 2628 extrinsecis
1220 2560 1365 2628 critices

246 2665 551 2757 beneponderatis.
568 2665 684 2748 Quum
700 2669 814 2734 00100
828 2667 1103 2753 Evangelaricm
1120 2667 1170 2735 sit
1181 2689 1265 2756 opus
1284 2667 1363 2752 hcc,

248 2783 283 2844 et
307 2775 488 2866 proprium
509 2774 670 2866 jurisque
694 2773 750 2842 sui
774 2775 905 2864 publici
925 2775 1082 2844 Ecclesia
1100 2775 1365 2845 Chaldaea-Ne·

246 2884 402 2952 storiana
424 2882 515 2949 illud
538 2883 706 2966 effecerit,
731 2884 866 2950 nomine
882 2883 1133 2973 Paraphrastis
1149 2883 1285 2950 omnino
1309 2903 1365 2951 ca-

246 3014 323 3060 rere
343 2989 509 3080 oportuit.
525 2989 617 3058 Huic
641 2989 760 3057 Codici
784 3013 844 3058 seu
867 2991 1106 3079 Evangelario
1128 2990 1227 3058 aliud
1251 2989 1366 3058 simile

247 3098 387 3168 memini
414 3120 476 3166 nos
500 3098 675 3188 possidere
699 3097 736 3164 10
759 3097 930 3168 Archivio
961 3105 1100 3167 nostrae
1123 3098 1219 3166 Eccl.
1241 3095 1366 3167 Gathe-

316 3369 361 3448 (1)
379 3375 460 3426 Hunc
473 3371 601 3426 (1011000
614 3309 671 3424 dna
685 3388 746 3424 cum
760 3371 828 3424 aliis
842 3371 972 3438 pluribus
987 3371 1197 3438 exemplaribus
1211 3369 1365 3424 Chaldaeo·

247 3464 437 3530 Nestoriauis,
454 3464 538 3531 jussu
558 3465 587 3514 et
606 3461 766 3529 sumptibus
786 3461 814 3514 S.
830 3461 859 3514 0.
881 3460 914 3512 de
934 3464 965 3514 P.
981 3462 1025 3528 1.,
1046 3461 1219 3528 1100000100,
1241 3461 1275 3513 de
1287 3461 1364 3514 mss.

249 3554 444 3621 nostratibus,
466 3553 609 3619 exaratis,
631 3569 673 3605 me
692 3566 805 3618 operam
825 3553 1058 3618 qualemcumque
1081 3553 1235 3618 praebente
1254 3567 1365 3619 meam,

247 3660 340 3697 secum
364 3645 479 3696 Romam
507 3643 609 3696 attulit
627 3644 680 3696 Vir
699 3642 900 3708 clarissimus,
922 3642 1057 3708 civisque
1083 3657 1161 3695 meus
1180 3641 1364 3708 carissimus,

248 3735 281 3786 D.
296 3733 403 3799 Joseph
421 3731 514 3785 David
528 3731 751 3798 chorepiscopus
764 3731 994 3798 Maussuliensis,
1006 3730 1035 3784 S.
1048 3731 1159 3784 Oecum.
1174 3732 1241 3783 Vat.
1257 3729 1365 3796 Synod.

249 3839 299 3889 pro
321 3823 437 3876 Ritibus
456 3823 652 3876 Orientalibus
672 3821 834 3874 (1000011οο
865 3820 920 3882 Qui
940 3836 1063 3874 summus
1081 3821 1259 3888 Philologus,
1279 3835 1365 3888 nunc,

250 3911 313 3964 dum
332 3927 376 3964 rue
395 3912 545 3978 scribente,
566 3911 612 3963 uti
631 3910 723 3977 audio,
745 3909 779 3962 de
799 3909 894 3962 eodem
913 3909 1010 3979 ferme,
1033 3910 1107 3978 quod
1127 3926 1178 3976 ego
1197 3913 1299 3978 tracto,
1322 3925 1367 3962 cr·

249 4006 389 4069 gumento,
412 4018 481 4070 opus
501 4002 677 4054 conscribere
696 4003 915 4066 aggressusest,
931 4001 1004 4067 qdod
1024 4016 1091 4054 sane
1107 4016 1168 4054 000
1180 4001 1294 4054 000100
1310 4001 1366 4052 ele·

251 4093 366 4154 gentius
386 4095 471 4157 atque
491 4091 645 4157 perfectius
668 4090 729 4142 fore
748 4089 901 4157 prospicio.
