3046 4756
368 797 399 867 I.
425 798 482 866 Ab
498 799 596 868 obitu
614 799 816 890 Shehlupae
831 820 921 868 anno
937 799 1014 868 182.
1034 797 1204 891 usquead
1220 795 1424 866 electionem

303 907 417 997 Papae
440 906 486 974 ad
509 907 630 975 Sedem
660 907 896 998 primatialem
919 907 1097 976 Seleuciae
1123 911 1159 974 et
1184 903 1424 994 Ctesiphontis

302 1035 359 1083 an.
374 1014 452 1083 247.
478 1020 542 1083 aut
564 1015 704 1084 nomina
726 1015 833 1084 unius
848 1015 906 1086 vel
920 1015 1068 1085 alterins
1084 1014 1274 1082 Antistitis
1290 1033 1311 1080 a
1328 1017 1422 1080 cata·
1502 1031 1503 1080 ζ

297 1120 394 1210 logis
416 1121 635 1206 exciderunt,
653 1122 772 1213 inquit
786 1122 831 1191 cl.
845 1123 881 1191 J.
897 1123 935 1192 S.
949 1121 1188 1205 Assemanius,
1206 1127 1270 1188 aut
1292 1120 1422 1210 episco-

303 1235 406 1319 patus
424 1228 487 1296 ille
511 1249 653 1298 vacasse
676 1252 870 1320 perennes
896 1231 1038 1299 circiter
1061 1229 1116 1298 65.
1141 1227 1319 1297 dicendus.
1346 1226 1423 1317 Ego

304 1341 419 1404 autem
434 1335 595 1404 existimo
603 1336 875 1426 Polychronium
887 1337 1001 1422 illum,
1021 1335 1093 1428 qui,
1111 1341 1186 1404 tum
1201 1336 1238 1403 in
1246 1334 1424 1424 Martyro-

303 1443 421 1532 logiis,
440 1443 478 1511 in
492 1443 634 1513 Perside
649 1449 685 1512 et
698 1445 879 1534 Babylone
900 1445 1019 1534 Episc.
1038 1450 1074 1512 et
1095 1443 1248 1532 Martyr,
1272 1447 1349 1509 tum
1380 1443 1424 1509 ab

304 1550 425 1620 Adone
447 1556 483 1619 et
498 1551 652 1621 Notkerc
663 1552 880 1642 Babyloniae
897 1557 933 1620 et
948 1550 1187 1642 Ctesiphontis
1205 1549 1364 1633 Praesul,
1386 1549 1424 1616 in
1503 1537 1504 1588 ἶ

304 1659 571 1750 persequutione
583 1659 681 1729 Decii
696 1661 869 1750 martyrio
884 1661 1032 1730 affectus
1049 1658 1253 1749 perhibetur
1273 1681 1329 1726 an.
1341 1657 1421 1726 251.

306 1784 412 1832 unum
435 1763 562 1832 saltem
584 1788 658 1834 esse
681 1789 722 1835 ex
746 1766 819 1851 iis,
838 1789 984 1858 quorum
1013 1765 1152 1834 nomina
1178 1763 1425 1835 desiderantur

305 1871 342 1938 in
369 1870 457 1939 serie
472 1870 537 1938 illa
547 1873 760 1941 Antistitum
775 1873 1025 1943 Chaldaeorum
1037 1873 1226 1942 Ecclesiae.
1241 1873 1424 1962 Oonjectu·

305 2001 379 2047 ram
403 1981 600 2070 comprobat
620 1986 757 2071 tempus
779 1989 815 2050 et
836 1982 934 2051 locus
953 1987 1135 2074 ceteraque
1151 1980 1331 2072 adjuncta.

341 2075 349 2098 '
370 2087 421 2155 Π.
438 2087 523 2155 Cum
540 2088 825 2178 S.P01y0hr0ni0
841 2088 961 2179 plures
977 2089 1075 2158 aliie
1091 2089 1186 2158 Cleri
1209 2094 1311 2158 coetu
1326 2111 1425 2180 prae·
1504 2077 1505 2140 l

305 2195 425 2265 sertim
436 2202 611 2284 martyres
626 2196 721 2286 passi
733 2197 897 2264 feruntur
912 2196 949 2264 in
962 2197 1104 2266 Perside
1114 2195 1259 2288 ejusque
1271 2196 1425 2264 Ditioni-
1504 2185 1505 2204 ¹

305 2305 381 2387 bus,
392 2301 430 2370 in
445 2303 562 2372 eadem
575 2304 851 2394 persequutione;
862 2308 899 2372 et
911 2303 1091 2394 speciatim
1107 2303 1425 2392 subreguliAbdon

306 2416 341 2479 et
352 2409 506 2495 Sennen,
526 2410 586 2502 qui
603 2433 727 2500 corpus
742 2410 894 2501 praefati
910 2411 966 2478 sui
980 2411 1146 2502 Episcopi
1168 2411 1212 2479 ad
1228 2435 1345 2480 muros
1356 2412 1424 2479 Ba·
1505 2431 1506 2486 ἒ

306 2517 468 2608 byloniae
484 2519 703 2610 sepelierant,
729 2528 765 2587 et
780 2518 860 2587 dein
874 2519 1017 2587 Romam
1032 2515 1179 2588 adducti
1197 2521 1370 2609 martyrio
1390 2527 1427 2589 et
1505 2513 1506 2530 ¹

306 2626 376 2716 ipsi
391 2627 511 2696 affecti
534 2625 590 2712 die
614 2627 657 2694 30
679 2627 772 2694 Julii
787 2628 895 2696 fuere.
912 2629 1045 2697 Horum
1066 2628 1256 2696 certamina
1280 2627 1426 2697 videtur

306 2755 390 2823 prae
417 2735 813 2829 ceterislconscripsisse
840 2735 991 2806 Jacobus
1017 2736 1167 2826 Magnus
1190 2735 1325 2806 Nisibis
1341 2737 1427 2827 Epi-

307 2863 457 2931 scopus,
483 2846 573 2911 taste
597 2841 777 2912 Gennadio
799 2844 837 2912 in
861 2844 1019 2934 catalogo
1036 2844 1165 2934 Script.
1180 2843 1421 2914 Ecclesiastic.

372 2946 442 3016 III.
468 2947 567 3030 Quod
590 2949 658 3017 rite
682 2949 814 3039 Pagius
837 2952 1001 3020 observat
1016 2951 1079 3038 (1)=
1093 2950 1240 3020 Ascetas
1258 2951 1426 3020 nimirum

303 3055 344 3154 in
359 3053 517 3124 Ecclesia
539 3078 672 3146 semper
695 3055 805 3126 fuisse
820 3095 864 3110 —-
879 3081 946 3150 quo
961 3059 1098 3126 nomine
1114 3058 1329 3127 vocabantur
1352 3060 1426 3148 pri-

306 3163 375 3233 scis
398 3163 473 3232 illis
489 3164 715 3254 temporibus,
730 3165 790 3256 qni
806 3166 899 3234 inter
916 3165 1127 3234 christianos
1143 3165 1305 3234 strictius
1318 3166 1425 3256 qnod-

306 3271 384 3342 dam
408 3293 448 3342 ac
471 3271 596 3342 durius
614 3273 711 3357 vitae
730 3295 841 3363 genus
857 3280 899 3343 ut
914 3273 990 3344 veri
1005 3273 1203 3365 philosophi
1216 3273 1425 3364 profiteban-

306 3683 423 3740 Ditione
443 3683 557 3748 llergae
570 3697 627 3737 una
639 3698 700 3738 cnm
719 3681 807 3751 Akra,
828 3682 957 3750 dherpa,
979 3679 1103 3736 (thardes
1125 3681 1188 3748 Kop
1205 3682 1235 3733 et
1247 3680 1316 3734 aliis
1330 3682 1424 3749 pagis,

307 3775 357 3842 qni
370 3776 534 3842 supersunt.
552 3773 620 3828 Alia
637 3773 755 3842 proinde
774 3778 819 3827 est
836 3775 905 3827 haec
922 3772 1038 3840 chatra,
1053 3787 1070 3824 a
1083 3773 1284 3824 (lateraeornm
1296 3770 1427 3837 Regicne

305 3871 416 3965 l-ffllfl
434 3862 517 3971 Ἣ,
554 3900 586 3952 in
612 3898 829 3955 Mediterraneis
847 3896 984 3953 Arabicae
1003 3897 1108 3952 Felicis
1136 3899 1235 3950 contra
1258 3895 1424 3964 Persidem,

306 4021 378 4074 quse
396 4021 469 4061 saec.
480 4007 530 4061 VI.
541 4007 601 4075 jam
613 4007 710 4073 plures
729 4004 810 4059 sedes
822 4006 1006 4074 Episcopales
1018 4006 1185 4060 numerabat
1203 4007 1233 4057 et
1252 4020 1270 4057 e
1282 4019 1357 4057 saec.
1368 4005 1423 4058 III.

304 4096 363 4163 jam
375 4093 509 4147 coenobie
521 4096 551 4146 et
560 4095 710 4148 Monachus
723 4094 856 4161 habebat,
869 4111 994 4163 quaeque
1012 4095 1106 4149 nescio
1119 4109 1156 4147 en
1167 4096 1242 4147 recte
1256 4109 1312 4147 av.
1324 4109 1348 4147 c.
1359 4094 1383 4146 1.
1395 4093 1425 4147 S.

308 4182 474 4236 Assemanlo
490 4179 580 4255 (Bibl.
591 4184 637 4237 Or.
654 4186 719 4262 tom.
732 4185 760 4238 3.
774 4201 802 4253 p.
814 4182 891 4257 632.)
902 4184 997 4239 eadem
1015 4200 1076 4240 cum
1094 4185 1210 4239 Bactria
1227 4183 1424 4239 existimatur.

379 4265 425 4344 (1)
441 4271 484 4323 Ad
503 4288 550 4325 an.
565 4272 609 4326 62.
624 4288 699 4327 num.
712 4275 740 4328 4.
