3056 4756
131 337 273 408 alesiam
286 336 336 425 (1)
348 341 395 420 te,
410 336 526 419 Patre,
542 335 640 426 sequi
653 336 775 404 debere
786 337 883 426 (2)iu
894 338 996 407 Fidei
1018 340 1174 428 Symbola
1192 343 1255 432 (3),

131 451 166 513 et
182 445 220 511 in
238 443 472 532 Confessione:
494 441 543 509 Et
557 441 661 510 illud:
685 441 860 533 quidquid
882 444 1049 533 liparea-ia
1064 453 1132 516 etc.
1147 449 1256 539 signi·

130 553 226 622 ficat:
247 549 416 642 quidquid
440 550 637 618 decreveris
666 573 771 639 super
801 559 932 619 terram
963 553 1057 622 cirea
1080 577 1143 641 oa,
1169 579 1256 648 quae

130 659 217 729 haec
239 659 297 727 lex
321 679 396 726 mea
420 662 496 746 (seu
523 655 679 745 Religio)
702 657 835 746 exigit,
862 659 931 730 erit
955 659 1130 730 decretum
1161 670 1197 732 et
1219 665 1256 732 in

129 767 257 836 Caelis:
272 766 322 834 Et
344 765 447 833 illud:
477 765 544 830 eidi
568 764 654 831 dabo
672 763 780 831 clocca
798 771 864 834 eto.
881 765 1072 855 significat:
1088 771 1155 838 tibi
1168 795 1256 841 com-

131 877 246 960 mitto,
265 897 326 944 seu
349 877 407 943 tui
430 873 584 942 muneris
608 879 643 941 εὴ
660 895 764 942 curae
781 874 872 942 facio
889 876 939 961 (4)
956 877 1067 966 legem
1081 901 1189 947 meam
1203 882 1254 970 (5)

129 991 166 1052 et
188 982 424 1072 Evangelium
448 1005 510 1050 scu
533 981 827 1070 praedicationem
850 983 1038 1054 Doctrinae
1055 988 1104 1075 (6)
1121 1011 1251 1059 meae.»

128 1092 179 1162 Et
201 1092 238 1159 in
262 1091 471 1180 paraphrasi
487 1089 555 1157 loci
570 1089 594 1156 J
596 1090 717 1156 oannis
734 1114 764 1158 a.
777 1089 832 1158 21.
852 1091 904 1158 ait
922 1092 1052 1161 cDixit
1063 1095 1254 1184 (Christus)

127 1199 199 1266 illi:
225 1199 265 1267 Si
289 1213 325 1264 tu
348 1221 400 1266 me
425 1196 601 1286 diripis...
617 1197 798 1285 impertire
821 1221 897 1266 mea
919 1199 1143 1288 charismata,
1166 1205 1255 1272 dona

127 1306 297 1374 scientiae
320 1326 413 1372 meae
437 1310 473 1371 et
497 1303 758 1372 Thesaurorum
782 1304 981 1393 Religionis
1012 1331 1123 1394 meae,
1150 1311 1254 1380 ORE-

127 1413 370 1483 DENTIBUS
394 1413 431 1479 in
454 1435 507 1480 me
596 1419 637 1480 ut
660 1412 839 1482 DOCEAS
864 1413 1019 1485 OMNES
1043 1418 1253 1490 HOMINES
1294 1473 1297 1490 .

129 1519 391 1592 SGOENTIAM
413 1520 672 1590 VERIT'ATIS
696 1527 733 1589 et
742 1537 929 1611 praecepto
945 1527 1160 1615 evangelica,
1179 1530 1253 1620 qui-

128 1631 195 1698 bus
220 1628 249 1696 ii
272 1628 511 1698 conducantur
542 1627 586 1695 ad
617 1627 729 1695 vitam
759 1634 947 1697 aeternam.
971 1657 988 1692 n
1020 1631 1070 1700 Et
1099 1633 1185 1701 alibi
1216 1635 1253 1702 in

127 1737 274 1806 eundem
297 1736 411 1804 locum
435 1735 559 1802 scribit
577 1736 726 1819 uPasce,
745 1757 819 1803 mea
835 1737 925 1822 vioe,
943 1737 1099 1808 OMNES
1116 1743 1252 1810 omnino

126 1844 305 1913 fideles
327 1842 539 1931 principales
563 1846 646 1928 (seu
668 1843 863 1932 praesules)
887 1867 1003 1913 eorum
1027 1849 1096 1935 (7),
1123 1850 1253 1918 medios

127 1957 164 2022 et
187 1952 336 2019 infimos.
357 1977 373 2012 n

195 2060 304 2126 Porro
335 2057 535 2125 huiusmodi
566 2057 787 2148 loquutiones
816 2063 892 2126 tum
922 2059 960 2127 in
985 2083 1081 2147 sese,
1108 2068 1183 2131 tum
1206 2087 1248 2132 ex

126 2175 204 2238 tota
228 2168 395 2236 sermonis
411 2167 500 2236 serie
517 2171 553 2234 et
569 2167 749 2235 substrata
764 2168 911 2236 materia
927 2170 1075 2238 suadent
1091 2172 1172 2242 ΡΒ.
1188 2175 1250 2243 Pe-

126 2283 183 2346 tro
207 2297 406 2344 concessum
429 2275 539 2342 fuisse
562 2295 583 2339 a
607 2273 758 2358 Christo,
777 2297 819 2344 ex
843 2277 941 2344 modo
964 2279 1161 2368 explicandi
1184 2283 1250 2351 Ne-

125 2383 361 2452 storianorum
385 2380 487 2450 hosce
518 2387 637 2449 textus
673 2382 833 2467 divinos,
859 2386 1101 2474 magisterium
1131 2413 1250 2480 supre-

125 2515 239 2576 mum,
266 2497 302 2558 et
325 2490 573 2580 obligatorium
596 2490 634 2556 in
665 2492 768 2558 rebus
795 2491 992 2582 Religionis
1024 2497 1066 2562 ab
1089 2498 1249 2566 omnibus

124 2597 350 2690 sequendum,
365 2620 405 2666 ac
421 2595 564 2686 proinde
580 2595 780 2684 infallibile;
797 2598 830 2664 2ο
846 2598 1047 2687 hujusmodi
1064 2625 1245 2692 praeroga-

123 2707 238 2775 tivam
261 2706 365 2774 Petro
388 2705 453 2772 soli
478 2705 651 2790 donatam,
678 2705 762 2774 licet
777 2706 814 2772 in
830 2708 1034 2796 praemium,
1054 2717 1092 2778 at
1109 2711 1162 2779 uti
1185 2712 1247 2781 Eo-

195 2964 241 3043 (1)
259 2972 325 3038 Ipse
344 2984 375 3021 eo
394 2967 454 3020 loco
474 2968 605 3032 glosssus
625 2983 719 3022 vocem
739 2976 807 3044 ἕῳ
822 2969 977 3037 ecclesiam,
997 2971 1158 3036 significare
1178 2972 1251 3027 dicit

121 3096 229 3199 ²4⁶4
249 3113 502 3180 congregationem
516 3127 564 3166 seu
582 3111 793 3180 Rempublioam
813 3109 891 3184 (ital.
907 3111 1105 3188 dommuuite).

195 3251 241 3330 (2)
258 3256 306 3311 Sio
324 3257 491 3312 vertendum
510 3257 627 3312 verbum
648 3242 761 3318 saiw
788 3272 873 3310 sensu
884 3259 1055 3324 obligatorio
1065 3262 1095 3312 et
1103 3260 1249 3328 imperati-

121 3385 167 3435 vo,
178 3367 255 3436 quod
266 3383 334 3420 usus
345 3365 482 3434 loquendi
495 3382 550 3418 uon
560 3365 704 3432 prohibet,
715 3366 861 3420 substrata
871 3371 965 3420 autam
977 3368 1096 3422 materia
1108 3369 1245 3434 postulet.

194 3489 240 3568 (3)
259 3494 320 3546 Vox
335 3474 409 3550 aliisi
430 3492 593 3558 Symbolum
612 3489 695 3543 Fidei
714 3492 860 3558 significat
877 3493 974 3559 potius
994 3509 1077 3561 quem
1089 3491 1198 3561 Fidem,
1215 3492 1246 3546 in

121 3615 175 3656 usu
195 3601 397 3656 ecclesiastico.

193 3723 237 3801 (4)
257 3727 337 3780 Hunc
356 3742 468 3782 sensum
488 3665 653 3793 expoltulat
672 3725 789 3780 verbum
815 3682 928 3802 [Q
948 3705 1035 3786 otim
1053 3669 1122 3786 dii

191 3865 238 3945 (5)
253 3871 305 3928 ‚Sic
323 3875 407 3926 sonat
426 3887 482 3926 vox
499 3839 555 3928 alsi

193 3982 238 4062 (6)
257 3986 304 4040 Sic
322 3988 459 4054 importet
477 4003 545 4041 usus
565 3987 642 4039 vocis
662 3967 747 4071 blau
769 3986 843 4056 apud
862 3984 1042 4048 Christianos
1062 3987 1172 4040 arabae.

192 4111 238 4190 (7)
258 4115 305 4169 Sic
323 4119 387 4170 vult
405 4121 534 4185 loquutio
560 4122 682 4175 arabica:
704 4131 764 4241 pm
787 4104 879 4210 (sifi)
901 4122 1003 4177 Recole
1032 4125 1121 4177 totam
1145 4122 1245 4176 dictio·

119 4250 186 4288 uem
206 4234 377 4299 originalem
395 4237 416 4287 l.
428 4251 451 4288 o.

1104 4354 1124 4414 6
