3046 4756
736 177 937 246 -170-

275 307 454 377 Hadriano
480 303 645 376 Romanis
668 304 917 395 imperantibus
942 305 1004 392 (1),
1023 303 1066 371 ab
1089 303 1310 372 Antiocheno
1344 304 1395 373 di·
1499 331 1500 342 ¹

276 416 370 483 tione
393 415 435 482 ob
458 411 761 503 persequutionem
784 434 854 479 nna
877 435 954 480 cum
970 410 1134 500 plurimis
1149 410 1312 479 fidelibus
1336 433 1396 478 au·

277 524 385 612 fagus
408 520 494 589 illuc
517 519 666 604 venisse,
693 519 932 610 secundusque
955 520 1048 588 inter
1070 518 1260 608 Episcopos
1287 517 1396 606 hujus

275 628 390 718 partis
408 626 578 716 Assyriae
594 625 631 691 in
643 625 775 714 Oppido
792 625 1004 694 seleuciensi
1020 624 1163 714 praesul
1186 624 1314 694 honore
1338 648 1396 694 ex-

277 743 414 826 ceptus,
439 733 630 802 Ecclesiam
651 732 750 800 illam
774 732 927 801 mirabili
950 733 1157 824 disciplina,
1184 733 1295 802 sacris
1318 755 1396 802 oon-

277 842 522 911 stitutionibus
545 840 814 931 apostolicisque
843 840 1032 908 canonibus
1062 841 1206 909 ditasse.
1231 840 1397 908 Jamvero

277 950 516 1040 splendebant,
541 948 657 1016 eodem
680 955 843 1038 tempore,
870 948 1008 1033 ibidem,
1034 935 1216 1039 Episcopi:
1236 947 1396 1016 Soiaher-

276 1057 460 1126 herdensis
483 1056 544 1148 qui
567 1056 647 1124 inde
670 1057 712 1123 ab
736 1056 926 1146 apostolico
946 1079 1031 1125 aevo
1048 1057 1180 1124 dieitur
1195 1055 1396 1145 metrapoli-

276 1166 360 1233 tiois
372 1165 513 1254 juribus
529 1165 639 1233 fuisse
659 1163 866 1253 insignitus,
884 1164 1100 1250 Lasciumae,
1128 1163 1398 1234 Herbat-Gelali

277 1279 315 1342 et
337 1275 463 1342 Darae.
1293 1283 1295 1288 ’

342 1383 388 1451 V.
414 1381 486 1450 Sub
509 1381 652 1470 Abgaro
674 1380 883 1471 praesertim
905 1380 1023 1448 Maani
1046 1381 1131 1466 filio,
1155 1381 1215 1472 qui
1239 1381 1282 1448 ab
1306 1402 1397 1447 anno

277 1489 360 1559 Chr.
379 1489 456 1557 152.
475 1489 519 1556 ad
543 1511 671 1556 annum
695 1488 772 1555 187.
791 1489 957 1578 regnavit
972 1488 1136 1574 Edessae,
1154 1488 1314 1556 Ecclesia
1330 1489 1396 1556 illa

274 1598 346 1687 jam
370 1597 451 1666 inde
466 1598 509 1664 ab
525 1619 614 1664 anno
628 1597 704 1664 115.
725 1597 837 1686 Lysia
850 1596 997 1685 Trajani
1020 1597 1106 1665 duce
1130 1593 1280 1686 aliisque
1293 1597 1396 1664 Prae·

280 1706 426 1790 sidibus,
452 1705 527 1773 dire
552 1710 690 1788 vexata,
710 1705 822 1795 coepit
838 1705 1024 1794 respirare.
1049 1703 1152 1772 Hunc
1175 1703 1266 1770 enim
1277 1705 1396 1792 Abga-
1502 1709 1503 1718 ’

278 1837 355 1881 rum
375 1819 530 1882 testatur
545 1812 765 1903 Epiphanius
790 1813 1048 1881 sanctissimum
1073 1812 1189 1880 virum
1211 1811 1397 1901 religionis

278 1921 443 1989 nimirum
456 1919 668 1989 christianae
679 1920 845 1988 cultorem
856 1921 977 2006 fuisse,
989 1919 1285 2010 Bardessanisqu‘e
1296 1919 1397 1986 fami·

278 2028 517 2096 liarissimum.
536 2028 577 2096 Id
594 2029 793 2116 comprobat
807 2027 912 2095 etiam
928 2034 1002 2096 tum
1019 2027 1128 2094 otium
1145 2049 1211 2116 quo
1232 2026 1288 2094 usi
1313 2034 1398 2093 sunt

278 2142 362 2204 tunc
379 2135 577 2218 christiani,
598 2139 638 2203 ut
661 2135 789 2203 studiis
806 2141 983 2219 vacarent,
999 2141 1073 2202 tum
1091 2134 1237 2202 Scholao
1253 2134 1394 2218 ibidem,

280 2245 396 2312 cadom
423 2249 628 2332 composicio
655 2243 727 2332 jam
750 2243 968 2312 florescentes
1000 2243 1197 2310 nonnullae.
1218 2243 1396 2332 Imprimis

278 2352 460 2420 memoriae
474 2351 650 2441 proditum
663 2355 716 2420 est
728 2351 864 2419 saeculo
880 2351 944 2419 hoo
962 2353 1109 2420 secundo
1123 2351 1282 2420 floruisse
1292 2350 1397 2418 Scho-

278 2460 347 2528 lam
363 2459 460 2527 illam
475 2460 685 2527 Edessenam
710 2459 869 2548 syriacae
884 2459 1028 2548 linguae
1043 2461 1117 2550 jam
1133 2461 1235 2528 initio
1254 2467 1396 2528 exortae

279 2567 491 2636 christianae
520 2568 703 2656 roligionis
730 2574 879 2636 erectam
902 2568 940 2635 in
964 2569 1161 2638 vicinarum
1194 2568 1392 2654 civitatum,

280 2683 315 2743 et
325 2676 511 2743 Persarum
523 2674 741 2762 potissimum
762 2674 985 2742 commodum.
998 2675 1098 2758 Quod
1114 2675 1306 2764 generatim
1324 2677 1398 2766 qui-

279 2780 354 2848 dem
366 2781 479 2848 tradit
491 2781 625 2848 Auctor
645 2779 742 2848 vitae
755 2780 791 2848 S.
806 2779 1001 2849 Alexandri
1014 2782 1242 2851 Acaomentao
1262 2767 1395 2871 ot'alii3

278 2887 436 2956 Persicae
449 2894 564 2956 antem
574 2887 697 2956 Gentis
708 2889 757 2975 (2)
772 2890 861 2980 quod
876 2889 1007 2958 attinet
1016 2890 1176 2958 Scholam
1184 2891 1397 2960 Edessenam

278 2997 521 3088 subsequentis
543 2997 727 3086 praecipue
751 2998 879 3066 aetatis
903 2996 1052 3066 historia
1069 3000 1286 3083 (documenta
1302 3000 1397 3069 enim

279 3105 480 3197 antiquiora
491 3103 686 3194 perierant)
695 3103 798 3194 plane
807 3107 1053 3196 praesupponit
1064 3107 1393 3194 etdemonstrat(3).

283 3346 468 3358 ..ι-...ιιι-

347 3490 390 3570 (1)
408 3497 494 3548 Porro
514 3509 548 3546 cx
567 3492 617 3546 ait.
631 3491 773 3546 Abnlfeda
790 3491 1118 3564 historio-asographioo
1137 3494 1268 3552 Islamico
1288 3497 1394 3554 celebri

277 3585 411 3638 habemus
428 3585 608 3638 Ardabanum
627 3585 649 3637 I.
669 3583 879 3650 Ashghanitam
899 3601 1033 3650 regnasse
1053 3589 1087 3640 ab
1107 3604 1183 3642 anno
1199 3589 1309 3644 Christi
1331 3593 1392 3644 114.

277 3673 312 3726 ad
332 3690 378 3726 an.
396 3674 455 3725 126.
476 3677 505 3726 et
523 3673 698 3726 Hadrianum
719 3673 865 3727 (laesarum
886 3675 920 3728 ab
941 3691 985 3727 an.
1004 3676 1064 3728 107.
1087 3677 1122 3729 ad
1142 3680 1266 3732 an.128.

347 3756 391 3836 (2)
410 3762 469 3826 Quo
489 3764 624 3816 vocabulo
644 3763 815 3831 veniebant,
837 3767 904 3817 tuno
922 3766 1067 3832 temporis,
1089 3765 1251 3820 Christiani
1271 3769 1393 3836 quicum-

276 3866 330 3915 que
349 3851 492 3904 Persioum
511 3867 560 3904 seu
579 3852 742 3904 Parthicam
761 3853 889 3918 Regnum
908 3853 1081 3908 incolebant.

346 3935 391 4014 (3)
408 3941 480 3994 Sana
499 3941 662 3995 Theodorus
682 3944 783 3996 Lector
803 3942 836 3996 da
849 3945 960 3997 saeculo
974 3945 1042 4000 lieet
1055 3947 1154 4013 quinto
1175 3963 1329 4001 sermonem
1343 3949 1394 4002 ha·

276 4031 346 4082 bens
363 4025 429 4102 (lib.
446 4031 471 4082 2.
486 4047 513 4096 p.
529 4029 593 4101 558)
613 4033 688 4084 clare
707 4035 800 4084 tamen
820 4033 899 4086 docet
918 4033 992 4087 inibi
1007 4036 1041 4087 ab
1052 4036 1172 4103 origine,
1185 4037 1314 4092 Scholam
1326 4040 1394 4091 Por-

279 4135 372 4170 sarum
391 4119 524 4172 Nationis
543 4120 642 4187 laissa
665 4123 767 4175 scribit
785 4123 860 4174 enim
881 4124 939 4176 “In
959 4125 1032 4178 Urba
1052 4125 1159 4180 Edessa
1177 4127 1392 4181 anahamon

280 4208 446 4264 Christiana
464 4209 593 4262 Persicae
612 4210 722 4278 Gentis,
738 4215 769 4264 ut
788 4214 906 4280 ajunt.»
927 4213 1002 4268 Haec
1021 4230 1104 4282 porro
1124 4216 1224 4271 Schola
1241 4219 1394 4286 praecipue
