3036 4750
623 197 804 263 „51-

146 320 270 390 Sedem
295 319 404 388 fuisse
420 313 595 410 dignitate
611 322 888 392 Patriarchalem
905 325 948 393 ab
964 345 1049 395 aevo
1065 325 1123 396 vel
1138 351 1158 396 a
1173 351 1270 418 prae·
1348 307 1350 315 ’

146 433 245 518 cepto
266 427 480 518 Apostolico,
506 436 542 499 et
571 431 681 508 multo
705 433 820 502 minus
838 433 1269 526 Constantinopolitanam,
1311 467 1318 474 ·

146 537 248 628 quasi
270 560 332 626 per
347 536 616 624 translationem
637 539 731 628 juris
753 540 951 630 Ephesinae
975 543 1020 611 ad
1045 543 1143 610 illam
1164 545 1272 634 juxta

146 666 321 730 canonem,
340 645 433 713 inter
449 645 584 725 eosdem
601 647 770 733 arabicos,
795 647 888 716 num.
908 649 963 718 38.
991 649 1048 719 Sic
1072 652 1178 719 etiam
1203 677 1271 721 non

145 755 338 844 potuisset,
365 758 486 822 contra
509 757 724 846 suppositam
748 757 1006 826 institutionem
1024 753 1271 848 Apostolorum
1399 831 1404 840 ,

146 861 225 929 dari
247 861 345 930 locus
369 862 541 932 secundus
559 864 641 933 Sedi
657 865 1067 955 Constantinopolitanae
1088 867 1195 957 juxta
1217 891 1271 937 oa·

146 991 270 1038 nonem
292 969 348 1038 41.

211 1078 304 1148 Hinc
324 1101 405 1148 vero
429 1079 542 1150 obiter
567 1081 812 1168 confitendum,
834 1083 1047 1174 impossibile
1072 1106 1156 1170 esse,
1175 1090 1217 1154 ut
1232 1087 1271 1155 hi

144 1207 292 1255 canones
314 1187 463 1258 Nicaeni
486 1189 662 1276 dicantur,
682 1214 759 1259 cum
783 1190 933 1276 collecti,
959 1197 996 1261 et
1019 1193 1271 1282 conglomerati

144 1296 265 1386 potius
287 1302 480 1389 appareant
495 1321 537 1367 ex
552 1299 640 1389 ipsis
662 1299 826 1368 Nicaenis
850 1299 1040 1392 aliquibus,
1055 1299 1266 1387 Sardicenis,

145 1413 181 1472 et
201 1406 401 1491 canonibus,
421 1406 531 1475 multo
553 1413 642 1497 post,
659 1408 766 1476 editis
780 1433 802 1476 a
816 1407 982 1478 Consiliis
1005 1408 1062 1478 vel
1087 1409 1167 1477 aliis
1183 1409 1269 1477 Con·

146 1513 405 1583 stitutionibus.
435 1514 493 1584 Ad
519 1515 735 1605 propositum
764 1539 846 1586 vero
870 1519 1027 1584 nostrum
1044 1522 1080 1584 et
1095 1518 1268 1608 probatio·

144 1645 235 1705 nem,
252 1643 338 1712 quae
353 1621 398 1689 ad
414 1622 597 1706 hominem,
616 1623 671 1690 uti
686 1623 800 1708 aiunt,
819 1623 1037 1713 potissimum
1054 1625 1127 1694 vim
1150 1625 1266 1712 habet,

145 1730 239 1798 nihil
262 1729 327 1797 hoo
349 1730 483 1798 officere
506 1729 608 1820 plane
631 1731 754 1821 liquet.

214 1839 376 1906 Praestat
398 1861 532 1931 quoque
555 1838 633 1907 heic
657 1863 717 1928 per
741 1846 966 1908 transennam
989 1840 1198 1911 observare:
1227 1865 1269 1910 ex

146 1947 347 2038 praemissis
371 1947 469 2038 sequi
492 1969 560 2014 non
584 1971 657 2015 esse
681 1949 888 2016 audiendum
914 1937 1123 2038 Ebedjesum
1143 1947 1268 2018 Soban-

147 2079 229 2140 sem,
250 2057 311 2147 qui
327 2055 480 2148 quinque
496 2055 602 2124 Sedes
617 2056 803 2147 Apostolos
826 2057 1025 2126 instituisse
1049 2057 1104 2125 uti
1119 2057 1268 2146 patriar·

145 2163 262 2233 chales
286 2163 413 2233 asserit
436 2165 474 2233 in
497 2187 571 2256 cap.
590 2165 620 2234 I.
646 2172 739 2256 part.
756 2167 821 2235 IX.
848 2171 930 2235 tom.
948 2166 981 2234 2.
1007 2165 1195 2256 Epitomes,
1222 2165 1268 2233 si-

145 2271 254 2338 bimet
283 2271 543 2358 contradicens,
577 2277 613 2340 et
649 2273 761 2340 multa
791 2279 912 2341 contra
943 2272 1129 2342 veritatem
1158 2273 1268 2340 aluci-
1330 2261 1331 2266 ἵ

145 2385 274 2466 natus;
302 2377 358 2445 uti
386 2377 505 2447 videre
527 2385 582 2450 est
599 2379 697 2470 ,apud
720 2379 795 2448 Jos.
821 2379 957 2448 Assem.
983 2378 1081 2465 (Bib.
1100 2375 1160 2446 Or.
1186 2383 1213 2446 t.
1232 2377 1265 2448 3.

145 2509 223 2576 par.
238 2486 271 2554 1.
291 2509 373 2578 pag.
388 2486 480 2574 249).
519 2484 522 2502 '

212 2593 573 2664 Animadvertendum
588 2595 646 2663 III
665 2615 840 2680 revocare,
856 2594 1021 2680 hocloco,
1036 2593 1165 2683 juvare
1181 2615 1268 2686 quae

145 2701 333 2773 observavi
358 2709 412 2785 ἐξ.
431 2702 483 2773 IV
499 2703 598 2773 etVI
620 2701 728 2791 hujus
753 2703 892 2792 capitiS,
911 2701 953 2770 de
976 2724 1059 2772 vero
1078 2724 1180 2770 sensu
1200 2725 1268 2792 quo

144 2811 349 2900 accipienda
364 2811 414 2880 sit
429 2810 589 2880 clausula
604 2811 669 2879 illa
684 2839 701 2874 u
715 2809 1000 2902 quemadmodum
1012 2808 1268 2880 mandaverunt

142 2919 337 3010 Apostoli»
364 2919 422 2989 vel
445 2918 528 2988 huic
546 2919 789 3011 aequivalens.
809 2919 864 2987 lbi
879 2923 1055 2989 ostensum
1072 2924 1138 3004 est,
1156 2942 1198 2988 ex
1215 2919 1268 2988 rei

144 3029 259 3119 ipsius
271 3035 411 3112 natura,
426 3027 594 3118 etjallatis
610 3026 788 3116 exemplis,
800 3025 1016 3096 declarativa
1031 3025 1267 3116 accipiendam

143 3159 219 3204 essa
241 3134 443 3225 hujusmodi
466 3135 705 3226 Apostolicam
728 3133 1033 3220 Constitutionem,
1053 3157 1120 3203 non
1145 3133 1266 3224 positi·

143 3229 237 3331 vam,
257 3266 319 3312 seu
341 3265 410 3312 non
425 3249 466 3312 ut
489 3265 652 3312 canonem
676 3241 946 3334 disciplinarem.

212 3349 325 3436 Certe,
344 3355 386 3420 ut
398 3351 472 3440 jam
487 3351 594 3420 dictis
616 3349 751 3442 aliquid
770 3349 906 3435 addam,
924 3349 1027 3440 plura
1039 3349 1163 3418 saltem
1174 3349 1266 3439 Apo-

144 3459 314 3530 stolorum
326 3457 494 3527 instituta
509 3464 545 3527 et
555 3464 741 3549 praecepta
765 3457 905 3527 Christo
921 3457 990 3548 ipsi
1006 3456 1192 3525 tribuenda
1206 3478 1266 3527 au-

142 3574 220 3637 ctor
242 3569 297 3634 est
323 3564 523 3655 Cyprianus
549 3569 668 3652 (serm.
695 3566 737 3634 de
759 3565 842 3632 Abl.
861 3564 957 3654 ped.)
981 3563 1097 3632 aiens:
1126 3563 1268 3632 «sicuti

142 3696 207 3766 par
231 3679 286 3743 est
309 3673 463 3764 Spiritui
488 3673 614 3744 Sancto
637 3679 673 3742 et
695 3673 836 3742 Christo
852 3672 1034 3758 divinitas,
1056 3671 1109 3740 ita
1131 3671 1168 3740 in
1192 3671 1267 3740 suis

141 3781 323 3852 institutis
347 3802 457 3873 aequa
487 3789 542 3851 est
571 3781 766 3850 auotoritas
793 3785 830 3850 et
857 3785 1032 3872 potestas3
1058 3802 1121 3849 neo
1151 3780 1267 3850 minus

141 3896 260 3960 ratum
287 3891 455 3982 estquod
479 3889 634 3960 dictante
658 3889 796 3980 Spiritu
821 3889 948 3958 Sancto
971 3888 1133 3979 Apostoli
1156 3889 1266 3958 tradi-

140 3999 282 4080 derunt,
302 4018 406 4088 quam
429 3997 520 4089 quod
535 3998 609 4087 ipse
621 3997 784 4067 tradidit.
801 4023 817 4059 n
836 3995 1018 4065 Consentit
1034 4001 1069 4066 et
1086 3995 1121 4064 S.
1138 3997 1266 4066 Petrus

140 4109 255 4176 frater
271 4105 383 4194 major
406 4105 470 4174 SS.
487 4103 616 4174 Basilii
640 4112 676 4176 et
698 4106 864 4196 Gregorii
887 4104 1052 4196 Nysseni,
1069 4105 1140 4197 qui
1167 4104 1205 4172 in
1220 4105 1266 4173 li-

140 4217 214 4303 bro,
233 4215 296 4308 qui
312 4219 429 4284 exstat
450 4213 489 4283 in
510 4214 604 4284 Bibl.
620 4214 736 4285 Vatia.
755 4213 892 4285 arabice
908 4223 1021 4300 verso,
1037 4212 1265 4303 inscriptione
