3036 4750
732 249 774 261 ·-
798 233 860 275 vlu
884 250 927 260 -

275 337 493 440 Principatu
519 335 782 413 iurisdictionis
810 364 853 414 ao
880 336 1093 440 Magisterii
1120 336 1160 412 in
1179 336 1392 414 Ecclesiam

273 463 483 539 universam
513 488 536 538 a
565 460 715 539 Christo
746 462 908 540 Domino
937 463 984 540 B.
1015 464 1131 539 Petro
1167 461 1317 564 eius'que
1350 461 1392 536 in

273 589 363 667 Sede
391 589 562 666 Romana
587 588 856 664 successoribus
885 587 1032 665 collate.

297 707 301 720 ’
352 713 454 802 Quae
481 715 577 790 certe
605 713 730 815 capita
757 713 881 790 omnia
900 716 937 790 et
956 713 1115 816 singula,
1140 713 1262 790 allatis
1280 715 1393 790 docu-
1489 737 1490 770 r

272 839 418 935 mentis,
442 839 534 915 bene
553 837 750 915 dilucidata
776 863 820 914 ac
846 838 1036 942 disposita,
1062 838 1103 915 in
1121 839 1239 916 lucem
1260 862 1393 940 quam·
1489 907 1490 930 ,

272 965 433 1068 primum
460 965 567 1042 edere
594 964 820 1068 peroptabile
841 968 952 1066 atque
971 964 1064 1041 mihi
1084 965 1251 1068 apprime
1266 965 1306 1040 in
1324 989 1393 1040 vo-
1489 951 1490 970 i

272 1092 320 1168 tis
339 1094 396 1167 est
416 1088 488 1194 (l).
511 1091 582 1166 Ast
601 1089 640 1165 in
658 1091 953 1192 praesentiarum
971 1093 1009 1166 et
1026 1094 1171 1193 tempus
1199 1093 1237 1166 et
1257 1115 1387 1193 oppor-
1489 1123 1490 1128 ¹

272 1217 412 1292 tunitas
439 1219 476 1292 et
502 1238 628 1291 rerum
669 1215 843 1292 adiuncta
869 1217 942 1292 iam
971 1218 1152 1310 suadent,
1186 1221 1229 1292 ut
1256 1215 1390 1292 ceteris

274 1342 320 1418 ad
348 1340 680 1444 congruentiorem,
718 1341 750 1416 si
782 1342 859 1418 Deo
887 1339 1056 1443 placebit,
1089 1341 1252 1418 remissis
1279 1365 1389 1418 occa·
1489 1435 1490 1444 Ξ

274 1467 425 1563 sionem,
449 1491 564 1544 unum
582 1491 629 1542 ex
646 1465 705 1560 iis,
729 1464 892 1568 illudque
920 1466 1050 1543 ultimo
1076 1466 1155 1544 loco
1182 1467 1291 1544 modo
1311 1491 1391 1542 me·
1489 1449 1490 1454 Ν

273 1595 469 1686 moratum,
493 1594 614 1695 caput,
638 1591 764 1695 paneis
792 1591 959 1669 evolvam
987 1617 1029 1670 ac
1057 1592 1193 1695 publici
1213 1592 1316 1684 iuris-7
1332 1589 1392 1666 fa-

275 1717 384 1794 ciam.
417 1717 484 1794 llla
512 1716 653 1794 scilicet
680 1719 919 1794 monumenta
946 1743 990 1794 ao
1017 1720 1214 1813 momenta,
1244 1742 1338 1820 quae
1366 1742 1390 1790 a

274 1843 497 1922 nestorianis
524 1842 714 1938 habemur,
738 1868 805 1946 pro
833 1844 998 1921 Romani
1016 1843 1211 1920 Pontificis
1238 1844 1277 1920 in
1304 1844 1391 1920 uni-

273 1970 452 2047 versalem
488 1967 691 2048 Ecclesiam
729 1971 810 2044 tum
858 1968 1124 2046 iurisdictionis
1161 1971 1242 2046 tum
1274 1969 1391 2046 etiam

273 2095 484 2199 Magisterii
511 2119 684 2198 suprema
702 2095 899 2197 potestate.
925 2094 1006 2170 Hoo
1023 2095 1160 2196 quippe
1187 2097 1298 2198 capnt
1316 2098 1384 2188 est,
1489 2099 1490 2110 ’

273 2223 322 2314 et,
343 2219 442 2296 haud
461 2219 582 2313 dubio,
601 2217 756 2294 maximi
776 2217 920 2295 exsistit
938 2218 1109 2321 ponderis
1130 2222 1241 2322 atque
1258 2243 1389 2296 neces·
1489 2303 1490 2312 ἵ

272 2345 457 2440 situdinis,
479 2344 550 2421 hac
568 2345 729 2421 maxime
750 2347 878 2420 nostra
896 2345 1031 2438 aetate,
1051 2368 1146 2445 quae
1164 2343 1247 2462 plps
1266 2369 1389 2446 aequo

273 2471 398 2548 volens
411 2470 574 2548 libertati
587 2470 789 2572 indulgere,
804 2493 951 2546 omnem
966 2471 1232 2571 quodammodo
1246 2470 1391 2548 invidet

272 2594 541 2672 auctoritatem.
572 2596 725 2698 Insuper
743 2594 804 2670 hic
822 2593 918 2670 inter
933 2593 1141 2696 Religionis
1150 2594 1390 2685 Christianae

273 2721 446 2798 articulos
472 2720 580 2798 facile
607 2721 798 2798 habendus
833 2723 890 2796 est
920 2719 1112 2822 princeps,
1146 2719 1282 2821 quippe
1319 2719 1387 2820 qui

273 2871 356 2924 cum
384 2846 458 2925 illis
487 2847 655 2924 omnibus
674 2845 837 2923 naturali
856 2870 899 2922 ac
918 2845 1126 2922 necessario
1145 2846 1389 2921 connectatur

273 2972 433 3070 vinculo,
458 2997 592 3074 eosque
610 2971 688 3050 fere
706 2971 883 3049 includat.
915 2969 1066 3047 Etenim
1089 2994 1202 3072 quum
1219 2972 1299 3046 tota
1316 2967 1391 3045 Ec-

273 3096 404 3175 clesiae
432 3097 646 3176 constitutio
674 3123 717 3174 ac
745 3095 928 3174 stabilitas
955 3095 994 3172 in
1021 3095 1178 3178 Unitate
1205 3094 1308 3171 Fidei
1343 3119 1390 3170 ac

273 3223 485 3326 Regiminis
512 3223 560 3300 sit
587 3223 682 3329 sita„
695 3224 894 3324 utrumque
912 3246 1001 3299 vero
1028 3221 1165 3323 absque
1193 3221 1388 3297 uniusPa-

273 3350 384 3427 storis
402 3347 633 3426 Auctoritate
656 3371 827 3449 suprema
844 3372 911 3423 nec
928 3345 1130 3424 subsistere
1148 3369 1218 3423 nec
1236 3369 1390 3424 conser-

343 3533 384 3608 (1)
404 3536 485 3590 Girea
503 3535 666 3604 hujusmodi
683 3536 738 3588 Rei
751 3535 931 3588 Christianae
942 3534 1048 3587 Amicis
1061 3535 1225 3600 gratissimo
1239 3549 1388 3600 argumen-

273 3629 332 3678 tum
349 3627 408 3693 jam
427 3643 483 3678 non
496 3625 726 3679 contemnendam
746 3627 777 3677 in
792 3625 903 3678 Scrinio
916 3628 1046 3692 paratam
1060 3641 1141 3678 servo
1154 3625 1314 3690 materiam
1327 3625 1389 3692 jam

272 3715 362 3768 Amici
381 3720 413 3768 ut
431 3717 461 3768 id
480 3718 626 3770 absolvam
649 3719 678 3768 et
693 3715 768 3784 juris
788 3717 896 3782 publici
921 3715 1023 3768 faciam
1050 3715 1253 3782 exstimulant,
1271 3716 1389 3784 jamque

273 3807 316 3858 nil
335 3806 414 3858 eliud
433 3807 468 3858 ad
487 3807 637 3860 consilium
652 3805 859 3872 exsequendum
873 3805 1032 3858 desiderari
1046 3805 1171 3872 videtur,
1188 3806 1248 3858 nisi
1260 3805 1390 3872 penitior

272 3896 409 3962 aliqualis
422 3897 587 3964 disquisitio
599 3899 627 3948 et
638 3896 761 3960 digestio
773 3900 1021 3963 monumentorum,
1030 3899 1114 3962 atque
1125 3895 1220 3962 operis
1231 3909 1388 3960 congruens

273 3985 433 4054 dispositio,
455 4003 534 4054 quae,
557 3987 582 4040 si
604 3989 637 4038 D.
652 3986 684 4039 0.
698 3987 735 4039 Μ.
757 3987 936 4052 opitulante,
957 3985 1142 4052 permiserint
1165 3984 1299 4052 adjuncta
1317 3987 1389 4036 tem·

271 4075 357 4141 poris,
373 4077 619 4129 fortunatissimus
640 4091 695 4143 ero,
711 4091 743 4128 ac
763 4076 824 4128 voti
843 4091 963 4144 compos,
980 4092 1032 4142 quo
1053 4077 1162 4130 valeam
1183 4075 1388 4141 quamprimum

271 4163 304 4216 de
330 4166 471 4219 Ecclesiae
499 4167 660 4220 Catholicae
689 4167 834 4232 triumpho
854 4182 885 4219 ac
904 4166 937 4218 de
964 4165 1058 4219 Sacris
1084 4165 1210 4232 Studiis,
1230 4165 1300 4218 lieet
1323 4180 1389 4232 per-

271 4256 439 4324 paullulum,
461 4256 647 4310 benemereri.
