3046 4756
564 162 765 230 -195-

90 285 239 374 debeat,
266 291 304 354 et
326 288 445 376 magni
468 287 667 358 iaciendum
690 287 830 357 minime
854 288 989 359 dubito.
1014 291 1064 359 Et
1086 315 1124 360 re
1148 293 1222 384 qui·

90 393 174 462 dem
198 417 287 464 vera
310 395 457 486 quisque
480 419 541 486 per
565 418 601 465 se
625 396 794 486 perspicit
824 402 945 466 tantae
977 398 1225 490 quodammodo

92 501 270 570 exsistere
286 501 389 570 hocce
404 502 612 572 Nostratum
635 503 873 572 testimonium
886 506 1155 574 necessitudinis
1172 513 1224 576 at-

93 631 163 700 quc
185 607 315 698 pretii,
341 610 468 702 quanti
493 609 638 700 ipsemet
666 611 871 696 Primatus,
898 617 933 680 et
959 612 1138 684 Ecclesiae
1161 615 1226 683 Dei

92 716 297 804 Regimiuis
320 717 443 803 forma;
466 722 502 785 et
524 723 645 786 tantae
668 721 761 786 certe
777 717 833 787 vis
851 725 887 786 et
903 720 1081 804 momenti,
1100 724 1226 812 quanti

95 846 167 890 non
185 825 305 908 unius,
328 830 370 892 ut
385 825 497 914 prima
513 826 630 895 fronte
645 832 803 917 apparet,
823 827 959 913 Seciae,
973 828 1032 898 vel
1047 829 1223 915 Nationis‚

97 932 329 1022 quantumvis
351 933 654 1003 numerosissimae
670 935 752 1004 olim
768 940 805 1003 ct
815 936 1092 1021 extensissimae,
1108 937 1225 1006 fidem·

98 1063 165 1131 que
182 1040 278 1108 omni
293 1042 494 1132 exceptione
509 1043 674 1133 maj0rem
691 1043 866 1129 facientis,
882 1045 1057 1113 sententia
1074 1053 1110 1114 ct
1125 1047 1224 1114 testi-

100 1146 256 1216 monium
283 1151 471 1238 praebent,
500 1152 559 1220 sed
582 1152 732 1242 ipsamet
754 1152 960 1243 Apostolica
986 1153 1158 1239 Traditio,
1190 1159 1227 1223 et

99 1257 247 1344 primae,
273 1257 450 1348 antiquae,
476 1258 773 1352 immutabilisque
796 1260 971 1330 Veritatis
994 1283 1075 1330 vox.

165 1365 218 1433 Et
243 1386 326 1434 sane
349 1367 392 1451 si,
412 1389 474 1456 per
494 1368 679 1437 absurdam
703 1369 940 1459 hypothesim,
959 1373 1074 1438 cetera
1098 1371 1223 1454 omnia,

100 1473 166 1541 hoo
191 1473 234 1541 de
258 1473 385 1564 capite,
411 1474 557 1545 silerent
579 1476 795 1562 documenta,
816 1483 852 1546 et
868 1483 1075 1566 argumenta
1098 1477 1226 1545 theolo-

67 1646 68 1658 ,
100 1581 195 1670 gica,
221 1603 334 1650 nonne
357 1581 455 1651 istud
478 1583 536 1652 vel
558 1585 678 1667 solam,
703 1606 744 1652 ca
771 1585 989 1675 praesertim,
1015 1607 1118 1676 quam
1145 1585 1227 1654 illu-

100 1688 308 1775 stravimus,
336 1691 626 1781 Praescripticmis
649 1698 684 1760 11
706 1693 874 1782 pacificae
892 1696 1117 1782 possessionis
1140 1694 1229 1784 Leqe
1282 1701 1284 1707 “

100 1803 136 1866 11
162 1799 301 1864 ratione
324 1798 496 1866 munitum
527 1799 616 1867 satis
643 1821 816 1891 superque
847 1805 939 1868 essct
970 1800 1014 1869 ad
1042 1803 1228 1890 inpensam

101 1905 289 1995 quemlibet
311 1905 586 1994 persuadendum
610 1905 652 1974 de
675 1905 904 1996 legitimitate
940 1913 976 1975 11
1005 1907 1129 1976 diviua
1159 1908 1226 1974 ori·

80 2014 186 2104 'gine
214 2013 441 2102 Principatus
473 2014 706 2083 Romanorum
734 2015 944 2084 Pontificum
971 2016 1008 2083 in
1035 2015 1227 2085 Ecclesiam

101 2121 339 2190 Universam?

170 2229 221 2297 Et
246 2229 295 2298 Te
322 2250 456 2320 quoque
486 2229 623 2318 igitur,
649 2230 776 2299 Lector
807 2230 970 2300 benevole
1000 2237 1036 2300 et
1070 2231 1227 2300 urbanis-

103 2340 210 2424 simo,
245 2339 448 2428 opusculum
481 2339 614 2427 ipsum,
646 2339 737 2430 quod
768 2340 966 2409 munusculi
997 2341 1131 2426 instar,
1161 2340 1229 2408 tibi

103 2447 192 2515 sisio
216 2451 321 2537 atquc
344 2444 484 2529 defero,
510 2448 677 2534 graium,
704 2469 766 2536 pro
791 2451 855 2515 tua
878 2447 1067 2532 comitate,
1093 2453 1129 2515 11
1151 2468 1227 2537 pre-

102 2557 235 2626 tiosum
250 2577 324 2623 esse
339 2553 555 2637 habiturum,
574 2559 610 2621 et
633 2575 704 2622 una
727 2553 833 2622 simul
854 2560 931 2622 tum
953 2556 984 2645 ej
994 2555 1112 2624 usdem
1136 2556 1228 2624 defe-

104 2664 233 2747 ctibus,
261 2685 346 2754 quos
369 2662 463 2730 haud
481 2661 677 2747 dissimulo,
703 2662 920 2751 ignoturum,
945 2669 1021 2732 tum
1049 2665 1228 2755 optatibus

103 2770 281 2840 fructibus
305 2769 465 2860 votisque
489 2771 749 2860 consequendis,
772 2794 834 2861 pro
857 2776 920 2840 tua
944 2772 1101 2865 quisquis
1126 2773 1227 2842 virili

103 2886 217 2970 parte,
244 2900 382 2969 operam
405 2877 554 2967 benigne
578 2876 792 2947 collaturum
817 2879 962 2948 confido.

170 2986 321 3055 Proinde
345 3007 550 3075 persuasum
573 2985 702 3071 habeo,
722 2985 791 3072 Te,
819 2994 938 3077 utpote
961 2987 1085 3057 Divini
1109 2987 1226 3057 Sama·

103 3095 214 3166 ritani
244 3093 455 3183 discipulum
478 3099 514 3161 et
536 3093 769 3179 imitatorem,
796 3095 1060 3186 visceribusque
1090 3095 1226 3186 pracdi-

103 3211 180 3274 tum
201 3201 477 3286 humanissimis,
497 3222 599 3292 quarn
617 3200 772 3270 haeresis
796 3202 950 3271 solitudo
975 3203 1224 3292 (l’isolement),

104 3316 212 3404 atque
232 3309 434 3378 Infidelium
457 3309 602 3398 insuper
625 3309 854 3395 vastationes,
880 3313 1047 3396 servitus,
1074 3313 1227 3382 ferreum

102 3424 244 3514 jugum,
270 3417 423 3509 aliaque,
442 3416 480 3484 in
502 3417 696 3506 Babylonis
727 3419 911 3486 itineribus
938 3418 1225 3510 despoliaverunt,

106 3547 138 3600 er
158 3531 281 3621 plcqis
316 3528 489 3614 impositis
523 3528 720 3593 semivivam
753 3527 969 3618 reliquerant
992 3528 1136 3598 Gentem
1159 3529 1227 3600 No·

105 3647 228 3722 stram,
248 3636 309 3721 To,
336 3636 489 3726 inquam,
514 3632 613 3701 nullo
637 3634 734 3702 modo
759 3634 845 3719 fore,
865 3639 917 3720 111,
933 3629 1009 3702 eisc
1032 3637 1227 3726 1111111111-

107 3749 246 3828 teriems,
257 3747 430 3834 jacentem
454 3743 600 3825 deseras·
624 3741 696 3828 sed,
716 3741 770 3810 sin
787 3742 901 3811 minus
925 3747 1138 3833 appropians
1157 3768 1226 3814 ma-

105 3855 210 3923 nibus
234 3851 385 3942 propriis
408 3851 551 3918 colmere
573 3850 701 3940 allipes
724 3851 838 3933 illius,
856 3851 963 3918 oleam
979 3857 1225 3944 acquievissem,

106 3959 303 4051 infandas,
328 3999 372 4010 —
395 3959 485 4052 quod
510 3958 766 4048 optatissimum
789 3965 879 4029 esset
901 3996 946 4010 -
968 3961 1018 4029 fel
1042 3961 1166 4030 saltem
1191 3969 1227 4031 11

106 4075 264 4154 acetum,
290 4073 432 4158 propter
454 4067 584 4135 Deuml
618 4065 760 4134 abillis
786 4071 947 4153 avertas,
973 4067 1227 4157 misericordia·

107 4201 174 4270 que
197 4175 314 4246 unctis
336 4175 524 4245 affectibus
547 4179 583 4242 11
607 4174 736 4260 verbis,
756 4182 850 4246 certe
873 4175 1045 4266 Majcrum
1068 4199 1226 4248 reveren-

1089 4313 1106 4348 ie
