3056 4756
702 263 834 334 126
857 304 900 315 -—-

51 398 121 444 urus
109 401 220 456 sque
182 401 233 446 zet
311 388 421 474 Elias,
441 389 502 479 qui
524 394 561 456 et
583 389 716 474 Denha,
736 390 777 458 de
793 397 971 480 generent
956 393 1122 460 familia
1138 393 1360 462 Patrraroha

15 462 232 583 ioidmiuaiyvo.
246 520 320 564 rum
331 497 417 564 Nest
402 498 628 582 torianorum,
642 497 995 587 MarughaeoPatruo
1012 500 1175 568 defuncto
1191 501 1362 570 suffectus

15 599 78 694 nhns
79 589 164 695 {flanb
146 591 228 701 Ἣ
196 603 327 672 fffuit.
343 605 445 698 Vixit
430 611 570 696 usque
587 605 630 672 ad
647 628 775 673 annum
793 605 891 676 1778
903 630 1011 698 quo,
993 609 1076 677 hcet
1092 609 1245 676 ded1sse
1230 615 1362 698 tsaepe

15 711 84 758 1⁷22·
244 713 383 782 litteras
408 691 444 781 et
469 722 550 781 vota
573 737 633 804 pro
658 715 783 783 unione
800 739 877 786 cum
899 690 1057 784 Ecclesia
1076 717 1230 784 Romana
1244 723 1280 786 et
1294 717 1362 785 fide

243 821 757 906 orthodoxa,1nCommunione
781 831 897 892 tamen
912 825 999 892 Nest
984 824 1121 892 torinna
1148 824 1245 892 obiit.
1265 825 1362 892 Duos

241 928 386 1019 reliquit
408 938 549 1019 nepotes
571 931 772 1021 Episcopus,
800 933 860 1023 qui
883 932 925 1000 dc
949 932 1199 1000 Patriarohatu
1223 955 1361 1000 concer-

240 1040 315 1104 tare
350 1060 418 1105 non
453 1047 656 1122 cessarunt,
689 1039 854 1106 nimirum
884 1039 1090 1129 Jesujabnm
1125 1049 1161 1110 et
1191 1041 1364 1108 Joannem

240 1146 398 1213 Hormez.
420 1145 610 1235 Jesujabus
633 1146 766 1215 Joanne
791 1147 915 1216 Senior
937 1147 1185 1216 reconciliatus
1213 1147 1286 1215 fuit
1309 1171 1362 1214 so·
1405 1211 1413 1221 ,
1520 1183 1521 1228 ι

240 1253 399 1320 lamniter
414 1253 571 1342 Bagdadi
596 1277 673 1322 oum
688 1254 846 1322 Ecclesia
869 1255 1032 1338 Romana,
1053 1276 1142 1322 anno
1167 1253 1266 1324 1749.
1294 1279 1363 1346 quo

241 1384 302 1429 suo
326 1384 521 1450 suppresse,
542 1369 577 1429 et
592 1361 692 1429 Elias
709 1363 839 1451 patrui,
859 1363 919 1452 qni
942 1362 1056 1430 adbuc
1076 1363 1230 1446 vivebat,
1250 1364 1363 1452 expli-

241 1469 310 1536 oito
333 1469 480 1554 nomine,
511 1470 555 1538 ad
580 1471 807 1538 Benedictum
830 1470 917 1538 XIV
942 1471 1117 1538 Summum
1154 1458 1363 1540 Pontificem

242 1573 339 1642 dedit
350 1575 505 1642 Litteras
519 1576 718 1667 obsequium
730 1581 767 1644 et
779 1576 1003 1644 orthodoxam
1016 1577 1264 1666 professionem
1277 1579 1363 1646 fidei

242 1681 468 1768 continentes,
487 1706 574 1774 quas
589 1707 728 1751 rursum
752 1685 880 1767 eodem,
900 1689 941 1752 ut
957 1708 1045 1768 reor,
1064 1692 1184 1753 tenore
1200 1685 1361 1774 repetiit,

241 1809 331 1856 anno
355 1788 454 1856 1756.
480 1790 554 1856 Hae
578 1796 661 1857 sunt
683 1789 840 1858 Litterae
864 1790 1071 1860 Chaldaioae
1083 1791 1185 1859 Elias
1201 1792 1320 1876 istius,
1340 1815 1364 1858 a

242 1895 340 1962 nobis
363 1895 537 1982 laudatae,
564 1921 709 1988 quarum
733 1897 908 1988 exemplar
932 1900 969 1966 in
992 1900 1228 1988 manuscripto
1256 1901 1362 1966 Ama-

242 2003 383 2071 nuensis
399 2005 530 2089 coaevi,
540 2011 577 2072 et
592 2007 682 2074 forta
702 2005 856 2094 ejusdem
873 2007 1050 2076 Praesulis
1065 2029 1087 2073 a
1101 2007 1364 2076 LitterisChal-

243 2111 365 2195 daiois,
391 2113 510 2193 habeo,
536 2120 572 2180 et
594 2112 631 2179 in
655 2136 727 2181 meo
752 2137 851 2183 servo
876 2113 1024 2182 Scrinio.
1044 2117 1151 2182 Porro
1170 2113 1365 2203 Jesujabus

243 2224 321 2308 post
344 2219 469 2287 Patrui
493 2222 668 2288 decessum
691 2223 892 2310 recognitus
916 2223 989 2290 fuit
1011 2244 1032 2289 a
1055 2223 1129 2290 suis
1144 2223 1182 2290 in
1204 2223 1364 2290 Patriar-

243 2328 354 2412 cham,
369 2329 440 2418 qui,
456 2350 524 2394 non
548 2328 766 2405 obstantibus
789 2330 949 2419 repetitis
972 2330 1120 2398 Unionis
1143 2335 1179 2398 et
1201 2329 1362 2398 orthodo-

242 2437 320 2505 xiae
332 2436 653 2527 protestationibus,
665 2443 830 2522 attamen,
845 2438 927 2506 dum
942 2437 1046 2522 vixit,
1062 2438 1187 2505 dubiae
1198 2436 1280 2506 fidei
1294 2437 1362 2505 ali-

244 2545 379 2636 quando
395 2545 595 2635 praebuisse
611 2547 726 2614 fertur
743 2546 885 2632 indicia,
897 2553 932 2616 et
948 2547 1025 2635 pari
1041 2548 1124 2613 item
1141 2545 1238 2614 modo
1248 2545 1364 2614 fuisse

243 2648 442 2722 defunctus.
463 2654 603 2722 Interea
621 2653 773 2722 Joannes
788 2655 935 2724 Hormez
960 2654 1020 2746 qui
1044 2676 1064 2720 a
1085 2654 1273 2742 juventute
1297 2677 1365 2722 sua

243 2761 449 2830 catholicam
473 2762 573 2830 fidem
599 2768 701 2851 opera
719 2761 936 2831 Notabilium
955 2762 1268 2845 Maussulanorum,
1283 2786 1363 2850 pro-

243 2872 356 2939 fessus
373 2871 501 2954 fuerat,
514 2869 914 2958 Metropolitulllaussuli
926 2877 1016 2952 erat,
1031 2877 1067 2938 et
1078 2893 1146 2937 non
1164 2870 1237 2938 fuit
1248 2870 1285 2936 in
1297 2870 1363 2936 Pa-

243 2979 440 3050 triarchatu
456 2978 706 3048 Chaldaeorum
725 2979 948 3046 confirmatus
960 2977 1031 3044 nisi
1044 2977 1153 3044 multo
1169 2981 1247 3065 post
1260 2976 1283 3043 J
1285 2979 1379 3044 esu-'

240 3089 315 3178 jabi
328 3088 472 3170 obitu'm,
483 3107 572 3152 anno
583 3084 827 3154 scilicet1830.
841 3107 906 3174 quo
918 3083 1011 3151 aPin
1019 3083 1110 3150 VIII
1119 3083 1276 3152 S.Pallio
1290 3083 1365 3151 fuit

244 3197 447 3286 insignitus.
464 3196 537 3263 Hoc
553 3193 690 3260 tandem
702 3192 862 3280 Bagdadi
878 3214 967 3260 anno
982 3190 1081 3262 1838.
1097 3193 1206 3260 vitam
1220 3191 1362 3279 longam

243 3313 278 3374 et
289 3304 496 3370 laboriosam
510 3299 703 3382 claudente,
712 3320 867 3366 unacum
876 3321 927 3380 ea,
937 3297 1051 3366 Series
1060 3297 1124 3364 illa
1134 3297 1172 3364 in
1184 3302 1362 3366 aeternum

244 3413 483 3494 claudebatur,
510 3407 775 3476 Patriarohatus
800 3405 975 3490 nimirum,
1002 3428 1043 3473 ex
1068 3428 1138 3472 una
1165 3405 1300 3473 familia
1327 3411 1364 3472 et

244 3521 353 3612 stirpe
376 3517 596 3600 hereditarii,
615 3537 702 3605 quae
725 3515 768 3582 ab
793 3535 882 3580 anno
908 3513 1008 3598 1450,
1029 3514 1186 3582 Simeone
1206 3513 1364 3580 Petriar·

243 3627 309 3698 cha
328 3628 495 3708 Auctore,
512 3625 661 3692 nefando
677 3643 781 3708 more,
796 3623 934 3712 incepta
949 3628 984 3690 at
1000 3621 1162 3690 stabilita
1177 3621 1307 3704 fuerat,
1325 3621 1363 3686 in

243 3733 525 3805 accelerationem
548 3732 670 3800 ruinae
695 3733 767 3799 fere
790 3729 913 3797 totalis
935 3729 1043 3818 hujus
1062 3733 1134 3796 tam
1157 3727 1362 3816 conspicuae

244 3843 325 3910 olim
337 3839 495 3911 Nominis
508 3837 700 3906 Christiani
713 3838 749 3904 in
762 3836 902 3904 Oriente
912 3835 1031 3904 Partis
1043 3841 1078 3902 et
1090 3835 1360 3902 Communionis.

243 3954 293 4020 De
316 3955 435 4019 nostro
452 3948 533 4018 Elia
549 3947 692 4038 ejusque
708 3947 839 4035 Nepote
858 3944 1037 4034 Jesujabo,
1056 3950 1160 4035 atque
1179 3943 1365 4011 eorundem

243 4059 288 4128 ad
305 4059 425 4128 Sedem
441 4055 680 4145 Apostolioam
703 4053 931 4122 relationibus
954 4052 1160 4122 mentionem
1180 4050 1271 4119 fao'it
1285 4049 1310 4118 J
1311 4073 1362 4119 os.

244 4165 338 4233 Aloi.
350 4166 485 4230 Assem.
498 4162 536 4228 in
547 4161 638 4228 libro
653 4159 823 4248 inscripto
842 4158 920 4226 aDe
929 4157 1120 4227 Catholicis
1135 4181 1196 4226 seu
1207 4157 1363 4225 Patriar-

246 4273 321 4342 chis
336 4269 586 4338 Chaldaeorum
602 4274 637 4335 et
652 4267 685 4336 N
686 4267 937 4336 estorianorum
950 4265 1138 4335 Commeat.
1155 4293 1170 4328 n
1188 4287 1269 4354 pag.
1280 4264 1360 4333 241.

1304 4731 1425 4734 μ,
1452 4657 1521 4734 m
