3046 4756
604 187 807 256 -153-

145 322 202 391 14.
227 317 413 387 Armeniae
429 317 520 408 (1).-
536 317 591 385 15.
606 317 732 406 Syriae
749 340 809 386 seu
824 317 986 385 Damasei
1003 315 1066 403 (2).
1077 315 1162 384 -1e.
1176 315 1261 384 Bar·

143 430 233 498 duae
253 451 314 498 seu
329 424 589 532 Adorbigianae
601 405 689 513 (d).-
707 425 763 494 17.
778 423 888 514 Rajae
900 429 936 516 et
952 424 1187 494 Tabrestanae
1198 423 1260 511 (4).

144 713 255 764 affinem
274 710 407 776 attraxit,
428 709 519 775 primo
537 709 720 775 Metropolita
732 708 867 774 Gregorio
880 707 1140 775 Hierosolymitano
1161 708 1197 761 ad
1217 725 1264 762 eos

143 801 241 866 misso,
263 815 355 866 quem,
376 813 464 866 usque
484 797 520 850 ad
537 797 611 850 buno
623 797 697 849 diem
711 813 884 850 successores
903 796 1021 850 (loelrini
1039 796 1195 849 ordinatim
1211 813 1262 849 ex·
1363 833 1366 841 -

141 891 256 958 cipiunt
274 890 308 942 ab
328 889 424 942 eodem
437 887 606 940 Patriaroha
623 888 752 952 allegati.
769 887 897 939 Getarum
909 887 1075 940 Nestoriani
1087 888 1147 955 jam
1158 886 1263 940 defeae-

142 985 210 1034 rnnt
222 982 255 1032 in
274 979 440 1044 Malabaria,
455 981 484 1030 et
498 978 546 1043 qui
559 978 601 1029 ibi
614 977 719 1042 reliqui
732 979 801 1028 sunt
814 976 847 1028 de
860 977 931 1028 Ritu
949 976 1102 1029 Chaldaieo
1116 977 1260 1043 catholici,

142 1070 181 1122 iis
195 1085 247 1136 per
260 1068 404 1123 Vioarium
422 1067 616 1134 Apostolionm
635 1067 775 1118 Romanus
789 1066 916 1120 Summus
932 1069 1069 1119 Pontifex
1088 1067 1262 1119 moderatur.

218 1152 262 1231 (1)
285 1159 329 1210 Ex
349 1157 447 1210 Oosma
474 1156 686 1223 Indieopleuste
711 1159 825 1208 constat
845 1157 912 1210 olim
939 1158 1084 1224 episcopos
1111 1156 1262 1209 Armeniae

143 1264 249 1315 omues,
272 1249 320 1314 qui
338 1247 537 1300 Nestorianam
550 1248 659 1300 Sectam
678 1247 811 1298 colebant
828 1247 1046 1313 Metropolitano
1067 1245 1128 1299 sire
1141 1245 1263 1297 Primati

142 1338 285 1390 chaldaeo
304 1337 432 1390 Persidis
450 1337 540 1389 luisse
559 1337 709 1404 subjectos.
730 1337 833 1388 Postea
851 1337 925 1389 eirea
945 1353 990 1389 an.
1013 1336 1078 1390 chr.
1100 1336 1162 1388 800.
1186 1336 1262 1388 a'l'i-

140 1428 254 1479 motheo
273 1427 442 1479 Patriareha
458 1427 611 1478 institutus
630 1425 688 1478 mit
705 1425 855 1480 Armeniae
874 1426 1136 1492 Metropolitanus,
1162 1426 1261 1492 quiin

141 1519 252 1570 Tabula
270 1518 351 1569 Elias
370 1515 536 1568 Damasceni
565 1515 700 1567 deeimum
720 1515 832 1567 obtinet
851 1517 940 1568 losum
959 1517 1038 1568 inter
1062 1517 1262 1582 Metropolitas

141 1607 340 1673 Nestorianos,
362 1606 466 1672 quique
486 1605 635 1672 Episcopis
654 1607 761 1672 Vanae,
775 1604 922 1672 (thaletes,
937 1605 1088 1672 Arzingae,
1109 1605 1258 1670 Arseruni,

142 1700 266 1764 aliisque
280 1712 331 1764 per
342 1696 503 1748 Armeniam
516 1696 683 1748 constitutis
697 1702 838 1764 praeerat,
854 1695 919 1748 sede
932 1695 1179 1762 primumAdabini
1193 1697 1259 1762 fixa,

140 1789 206 1854 post
225 1787 258 1838 in
276 1787 373 1838 urbem
393 1786 501 1838 Vanam
520 1787 672 1837 translata.
694 1786 875 1854 Hanaujesus
895 1787 990 1840 Vanae
1011 1786 1194 1853 Metropolita
1208 1787 1259 1850 sy-

141 1877 214 1930 nodo
239 1875 386 1929 Amidensi
406 1876 440 1927 ab
459 1877 525 1927 Elia
550 1875 720 1929 Patriareha
747 1891 798 1942 pro
825 1877 930 1928 unione
954 1891 1013 1928 eum
1033 1878 1061 1930 S.
1082 1877 1115 1928 E.
1137 1878 1262 1929 Romana

142 1983 188 2019 an.
211 1965 292 2018 1616.
314 1967 473 2020 celebratae
492 1965 637 2033 interfuit,
653 1969 682 2019 et
701 1967 797 2019 eadem
815 1969 897 2021 Vana
915 1969 1078 2018 recensetur
1097 1983 1114 2019 a
1133 1965 1261 2019 simeone

140 2053 333 2121 Patriareha,
354 2054 385 2106 in
407 2055 530 2119 epistola
545 2054 585 2106 ad
603 2055 801 2107 Innocentium
820 2055 855 2106 X.
877 2071 923 2107 an.
946 2054 1024 2107 1653.
1047 2055 1164 2122 scripta,
1185 2055 1263 2108 inter

140 2145 227 2196 urbes
248 2159 297 2194 suo
318 2143 534 2196 Patriarohatui
553 2144 704 2211 saneotas.

212 2229 256 2304 (2)
274 2231 478 2284 Chaldaeorum
498 2231 623 2286 historia
647 2233 698 2286 snb
716 2233 936 2300 Metropolitano
951 2233 1051 2300 Syriae
1073 2249 1121 2286 seu
1134 2233 1260 2288 Seiamae

141 2325 273 2376 recenset
296 2323 428 2375 ecelesias
442 2323 581 2390 Damasei,
603 2323 790 2390 Hierusalem,
811 2322 906 2390 Alepi,
921 2325 1075 2389 Manbegae
1094 2339 1143 2376 seu
1162 2324 1262 2377 Hiera-

141 2413 229 2480 polis,
252 2413 451 2480 Mopsnestiae,
474 2413 574 2479 Tarsi,
594 2414 731 2466 Malatiae
751 2429 799 2466 seu
817 2413 989 2481 Meliteuae,
1010 2429 1062 2467 nee
1080 2429 1136 2466 non
1156 2415 1263 2468 liesto-

143 2505 242 2556 rianos
262 2519 313 2570 per
331 2501 504 2570 Aegyptum,
525 2503 701 2570 Cyprumque
721 2503 845 2556 insulam
858 2503 987 2569 aliasque
1001 2503 1154 2570 dispersos.
1175 2504 1263 2558 Sedes

142 2593 362 2659 Metropolitani
375 2593 494 2660 primum
514 2593 644 2646 Damasei
663 2593 730 2662 fuit,
748 2593 814 2645 dein
833 2595 1011 2647 Hierusalem
1030 2586 1073 2668 (4)
1090 2609 1122 2648 ao
1144 2595 1263 2648 'l'arsum

140 2686 296 2740 translata.
477 2743 480 2751 Δ
650 2737 653 2742 .

212 2769 256 2848 (3)
282 2773 394 2826 Bardaa
413 2773 480 2826 urbs
500 2773 697 2838 Aderbiganae
716 2788 766 2826 seu
791 2772 901 2827 Mediae
928 2789 999 2840 quae
1018 2773 1077 2826 mit
1095 2776 1262 2844 Metropolis

140 2865 232 2917 totius
252 2865 389 2931 regionis,
406 2867 435 2915 et
454 2864 533 2930 eujus
551 2864 682 2916 Autistes
697 2845 844 2930 *subjectas
858 2863 982 2916 habebat
991 2865 1262 2918 eeclesias:'1¹aurizi

140 2969 190 3006 seu
208 2954 382 3021 Eobatanae,
399 2952 545 3006 Ardabilis
563 2955 724 3020 Maragbae,
746 2955 889 3008 Salmasae
909 2955 1052 3022 aliasque;
1073 2956 1190 3009 fuerunt
1208 2957 1261 3009 alie

138 3044 265 3112 quando,
280 3046 339 3097 loeo
352 3043 488 3110 Bardaae,
500 3044 616 3111 juribus
629 3043 849 3112 metropolitiois
864 3035 960 3098 anetae
980 3046 1083 3098 Tauria
1094 3062 1143 3098 seu
1156 3047 1259 3100 'Pabriz

139 3138 168 3186 et
187 3135 311 3188 Salmas.

210 3219 257 3297 (4)
275 3225 348 3292 Raja
367 3224 434 3276 urbs
452 3223 558 3276 Jrakae
575 3223 723 3288 Agamioae
743 3239 792 3276 seu
812 3222 944 3290 Gebalae,
959 3223 1011 3276 hoo
1030 3226 1082 3290 est,
1104 3225 1261 3292 Partiae,a

137 3314 261 3366 eonfinio
273 3313 470 3378 Aderbiganae
484 3315 513 3365 et
526 3313 636 3366 Mediae
658 3316 719 3366 ooto
741 3313 857 3367 circiter
874 3313 966 3367 distat
986 3315 1164 3380 parasangis.
1182 3315 1263 3366 Elias

136 3407 331 3456 Damaseeuus
350 3404 500 3470 septimum
519 3405 610 3456 looum
623 3403 728 3456 tribuit
747 3403 967 3471 Metropolitano
987 3405 1076 3472 Rajae
1096 3405 1178 3471 eique
1198 3406 1262 3458 sub·

26 3547 28 3586 t
135 3493 243 3559 jectum
257 3494 448 3560 episcopatum
466 3493 625 3558 Gorgianae
644 3497 782 3547 recenset.
805 3497 839 3548 In
852 3496 952 3548 tabula
969 3494 1171 3548 Pseudo-Amri
1190 3496 1261 3548 Mat-

26 3619 27 3626 η
137 3583 220 3635 thaei
241 3583 353 3634 sextum
373 3581 509 3635 decimum
529 3584 618 3637 looum
631 3585 718 3636 habet
736 3585 920 3652 Metropolita
938 3585 1028 3652 Rajae
1042 3588 1072 3636 et
1089 3586 1258 3638 Tabaresta·

138 3689 203 3740 nae,
225 3687 297 3740 quae
317 3675 362 3725 est
379 3672 456 3736 regio
476 3673 609 3740 majorem
629 3674 779 3726 continens
798 3676 908 3740 partem
931 3674 1068 3740 antiquae
1086 3674 1257 3740 Hyrcaniae.

138 3762 228 3830 Rajae
248 3761 463 3828 Metropolitani
481 3765 674 3814 memorantur
692 3762 802 3830 Abibus
831 3763 884 3814 sub
903 3761 1049 3815 'l'imotheo
1068 3764 1113 3830 1.,
1138 3764 1156 3817 J
1159 3765 1260 3817 aoobus

139 3853 191 3904 sub
212 3851 380 3918 Theodosio,
401 3853 431 3904 et
448 3852 559 3904 Marcus
580 3854 632 3905 sub
650 3853 760 3906 Joanne
779 3853 967 3906 Patriarohis.
987 3855 1057 3908 Post
1070 3857 1209 3908 saeculum
1224 3855 1260 3908 X.

140 3940 308 4008 quandoque
327 3941 436 4007 legitur
455 3942 538 3995 unita
556 3942 754 3996 Halaranensi
772 3944 934 4012 Metropoli.

209 4208 252 4287 (α)
271 4213 341 4268 Vide
362 4213 439 4267 inira
459 4229 529 4280 quae
549 4213 582 4267 de
602 4215 863 4284 Hierosolymitano
882 4216 1067 4285 Metropolita
1090 4215 1242 4270 adnotabo.
