3056 4756
144 349 200 411 tas
221 350 258 413 et
272 345 490 413 exercitium:
508 346 730 437 ejusdemque
750 349 967 416 decretorum
987 349 1260 438 dogmaticorum
1358 397 1360 400 -

143 452 449 521 irreformabilitas
471 454 666 543 praedicari
689 478 756 522 non
780 457 935 542 obscure,
955 463 991 526 et
1010 457 1207 546 recognosci
1223 457 1261 532 in

143 559 312 646 Ecclesia,
330 567 366 629 et
388 563 431 629 ab
454 562 541 650 ipsis
565 563 717 651 Synodis
740 564 973 652 generalibus.
1001 565 1070 632 Ast
1090 565 1174 634 haec
1191 565 1261 633 duo

143 667 299 736 Concilio
326 670 553 754 oecumenica,
584 675 618 738 et
646 675 761 737 cetere
783 669 965 762 sequentia
988 673 1113 757 omnia,
1132 673 1168 739 in
1186 673 1259 764 qui-

144 777 218 858 bus,
246 777 472 866 pedetentim,
498 777 611 865 magis
637 783 741 869 atque
770 780 903 867 magis,
930 779 1046 846 oblata
1070 781 1257 864 occasione,

144 883 344 972 hujusmodi
375 884 410 953 S.
437 884 629 954 (lathedrae
658 887 881 976 Apostolicae
910 891 1155 977 praerogativa
1177 912 1259 956 enu-

144 992 272 1076 cleata,
297 993 492 1082 explicata,
518 1000 621 1086 atque
646 995 820 1064 celebrate
843 997 886 1063 ab
908 996 1066 1065 Ecclesia
1090 998 1172 1082 fuit,
1191 1020 1258 1064 nou

144 1106 226 1168 sunt
248 1108 387 1190 recepta
410 1125 431 1168 a
453 1103 685 1173 Nestorienis.

208 1209 243 1276 7.
268 1210 397 1279 Mirum
420 1233 487 1278 non
511 1218 566 1279 est
588 1213 703 1301 igitur
726 1215 756 1282 si
781 1215 819 1282 ln
838 1215 946 1304 hujus
963 1219 1124 1282 vetustae
1136 1213 1259 1280 Seotae

141 1317 363 1386 monimentis
392 1319 505 1410 (quod
534 1328 569 1388 et
591 1321 633 1389 de
655 1321 755 1406 aliis,
782 1323 813 1389 si
844 1343 932 1414 quae
964 1329 1070 1405 sunt,
1102 1321 1258 1411 antiquie

141 1423 254 1492 Sectis
278 1425 441 1494 similiter
458 1426 655 1515 dicendum)
679 1428 775 1496 clara
792 1451 859 1496 non
876 1429 1071 1518 reperiatur
1088 1428 1258 1496 confessio

139 1537 202 1598 eut
216 1532 419 1600 enuntiatio
434 1533 621 1622 Privilegii
644 1534 751 1622 hujus
776 1533 813 1600 S.
832 1535 930 1601 Rom.
950 1534 1061 1618 Sedis,
1081 1557 1102 1600 a
1118 1531 1257 1601 Christo

139 1639 297 1722 Domino,
322 1640 361 1708 iu
384 1641 426 1708 Β.
444 1640 560 1723 Petro,
586 1664 648 1730 pro
672 1643 757 1709 bono
780 1641 968 1726 Ecclesiae,
995 1642 1162 1710 concessi.

150 1766 153 1774 ·
206 1745 240 1812 8.
265 1743 315 1812 Et
336 1769 373 1814 re
397 1746 535 1837 quidem
558 1768 654 1831 vera,
681 1747 775 1816 circe
798 1747 869 1814 alia
888 1769 1022 1838 quoque
1045 1747 1150 1835 plura
1165 1748 1258 1815 chri·

141 1851 450 1942 stiana'dogmata,
461 1876 548 1943 quae
560 1853 735 1943 explicata
747 1861 782 1922 et
794 1855 977 1922 definitive
994 1855 1173 1924 declarate
1188 1877 1256 1921 non

140 1958 237 2026 fuere
260 1960 304 2026 ab
326 1959 496 2043 Ecclesia,
516 1959 571 2026 uti
587 1959 686 2045 talia,
704 1959 775 2028 nisi
792 1983 878 2044 sero,
898 1966 933 2029 et
948 1962 1032 2029 data
1055 1962 1255 2052 opportuni·

139 2073 224 2152 tete,
244 2067 322 2156 pari
338 2069 410 2137 fere
426 2068 524 2137 modo
548 2091 621 2137 sese
643 2069 773 2136 habent
795 2069 1060 2161 antiquissimae
1075 2091 1256 2159 quaecum·
1325 2069 1331 2092 ¹

140 2198 205 2265 que
227 2181 419 2264 supersunt
443 2174 576 2262 Sectae,
603 2183 639 2246 et
661 2177 817 2267 apprime
842 2179 925 2246 haec
947 2177 1167 2246 Nostretium
1190 2178 1252 2266 (1).

205 2282 238 2350 9.
265 2284 370 2354 Hisce
394 2283 877 2372 praenotatis,nihilomiuus,
895 2307 937 2354 ex
961 2284 1149 2374 praejactis
1173 2284 1254 2367 duo-

139 2392 202 2458 bus
227 2391 413 2478 capitibus,
439 2392 681 2482 Argumentis,
708 2399 749 2458 ut
771 2414 868 2476 reor,
892 2413 959 2459 non
984 2391 1253 2476 contemnendis,

138 2497 285 2566 conabor
312 2498 505 2565 ostendere:
523 2521 565 2566 ex
583 2497 659 2588 ipsa
674 2497 960 2567 Nestorianorum
977 2499 1162 2582 sententia,
1182 2499 1257 2566 sive

137 2603 268 2672 directe
292 2603 367 2673 sive
390 2605 571 2690 indirecte,
591 2605 758 2696 depromi:
776 2591 1008 2672 Romanorum
1032 2597 1253 2688 Pontificum,

135 2711 173 2778 in
188 2713 292 2780 rebus
307 2709 407 2780 Fidei
423 2712 480 2782 vel
495 2737 627 2808 morum
643 2712 885 2803 Magisterium
901 2735 943 2780 ex
959 2713 1136 2798 cathedra,
1151 2713 1255 2780 infal-

135 2817 304 2887 libilitate
327 2841 367 2888 ac
394 2819 718 2890 irreformabilitate
745 2821 908 2909 gaudere.

652 3043 683 3118 5.
702 3035 733 3103 Ι.

202 3251 254 3318 De
286 3251 460 3318 constanti
483 3255 518 3318 et
541 3251 735 3318 certissima
757 3250 1043 3320 Nestorianorum
1067 3251 1249 3335 sententia,
1282 3274 1393 3320 Primum
1408 3289 1478 3334 ergu-

134 3359 312 3428 Rcmanus
342 3358 504 3434 Pontifex
535 3357 669 3426 obtinet
688 3357 725 3426 in
757 3359 923 3428 universa
953 3358 1110 3428 Ecclesia
1139 3345 1251 3434 locum
1266 3337 1478 3448 ffiuffiffi

205 3603 250 3680 (1)
270 3605 347 3661 ¹Sunt
365 3604 526 3674 hujusmodi
556 3605 634 3656 inter
662 3605 773 3657 cetera:
794 3603 893 3658 Status
912 3583 1068 3667 animarum
1088 3602 1251 3670 cerporibus

133 3701 284 3750 exutarum
303 3711 392 3763 usque
412 3693 448 3748 ad
459 3693 533 3746 diem
542 3691 646 3762 judieii
658 3723 692 3733 -
702 3694 721 3748 J
722 3691 846 3747 odicium
865 3694 1040 3760 particulare
1051 3722 1083 3731 —
1098 3691 1251 3757 Indulgen-

132 3789 192 3842 tiae
204 3815 238 3826 --
251 3785 416 3852 Purgatorii
430 3786 508 3838 locus
519 3813 550 3823 -
562 3783 697 3837 Minister
710 3783 874 3837 ordinarius
887 3783 965 3836 Scor.
977 3781 1205 3836 Oouflrmatlonls
1217 3811 1250 3820 -

133 3893 204 3933 vera
222 3877 289 3930 idea
310 3880 340 3928 ot
359 3889 443 3929 causa
454 3873 575 3935 efficiens
589 3869 924 3928 {transubstantiatione
943 3873 974 3924 in
993 3871 1041 3926 SS.
1054 3872 1113 3926 Sec.
1126 3871 1250 3924 Euctu-

131 3968 239 4020 Oultus·
255 3967 304 4022 SS.
317 3956 451 4032 corporis
469 3967 499 4017 et
517 3963 618 4017 (lerdis
637 3964 672 4017 D.
686 3965 721 4018 N.
735 3963 764 4018 J.
779 3963 848 4017 0.-
858 3963 959 4016 Gratia
978 3966 1007 4014 et
1025 3961 1157 4014 Liberum
1176 3962 1251 4014 arbi-

130 4058 220 4110 trium
239 4083 271 4096 —
286 4054 438 4122 Conceptto
456 4053 596 4121 Deiparae
620 4054 657 4107 ab
675 4054 751 4106 omui
770 4053 881 4106 macula
907 4051 1043 4117 originali
1064 4049 1197 4104 immunis
1217 4046 1258 4088 -’

130 4161 266 4202 uumerus
295 4143 440 4212 praecisus
468 4148 498 4196 et
525 4142 621 4196 dauon
641 4143 792 4196 Librorum
818 4143 1026 4210 Inspiratorum
1043 4169 1075 4180 —-
1096 4138 1253 4193 omnimoda

128 4233 376 4290 indissolubilius
395 4235 571 4288 Matrimonii
590 4233 776 4286 consummati
795 4232 1016 4286 christianorum
1035 4259 1066 4270 --
1080 4233 1110 4284 et
1129 4231 1195 4283 alia.
