3046 4756
569 201 613 214 -
637 160 702 228 ree
727 201 770 214 .-

110 251 178 360 nae
201 289 264 380 (1).
284 331 305 342 -
328 287 383 358 ne.
409 286 632 356 semermes
660 287 723 375 (n).
742 327 764 336 -
787 285 844 354 ee.
871 284 1102 354 onan-eane
1126 286 1189 375 (e).
1209 327 1230 336 -
1256 267 1259 274 ’

111 603 292 655 Hierusalem
313 604 342 654 et
359 600 476 654 Amidae
495 600 732 667 Archiepiscopus
751 600 872 653 celebris
891 603 936 653 est
960 600 992 652 in
1010 599 1091 654 Actis
1111 603 1140 654 et
1159 601 1234 667 lega·

110 695 190 747 tione
203 694 285 747 Eliee
298 693 485 746 Patriarchae
498 691 705 745 Chaldaeorum
719 691 754 744 ad
767 694 887 744 Paulum
899 692 934 745 V.
951 694 981 742 et
995 691 1026 742 in
1040 690 1147 756 synodo
1160 689 1235 743 Ami-

112 784 164 836 dee
183 785 328 838 celebrata
346 783 491 837 abeodem
510 783 679 836 Patriarcha
698 798 743 835 an.
768 781 846 833 1616.
867 784 899 834 ut
919 797 969 834 suo
988 784 1048 834 loco
1074 795 1235 834 commemo-

111 875 251 940 ravimus,
272 874 322 926 ubi
341 868 384 947 (a)
403 877 431 926 et
454 873 561 924 mentio
579 872 613 924 fit
632 871 708 924 Cleri
736 870 873 923 chaldaei
892 871 923 922 in
947 871 1118 924 Monasterio
1137 869 1166 922 S.
1186 871 1236 922 Ja-

111 965 174 1017 cobi
192 965 371 1017 Hierusalem
390 963 522 1028 degentis
540 957 592 1035 (⁶).
613 962 686 1014 Sene
705 961 832 1013 Ecclesia
851 960 1006 1014 chaldaica
1030 959 1072 1012 ibi
1090 975 1176 1027 usque
1197 959 1237 1010 ad

110 1055 230 1106 initium
248 1055 334 1122 hujus
361 1054 454 1107 nostri
474 1054 580 1106 saeculi
600 1051 724 1104 nondum
742 1067 802 1104 cum
821 1050 922 1104 Latini
941 1051 1027 1103 Ritus
1046 1051 1149 1116 populo
1169 1052 1232 1102 erat

110 1147 323 1210 concorporata,
338 1147 370 1196 ut
388 1145 481 1210 liquet
500 1159 534 1196 ex
553 1143 663 1196 Literis
689 1141 789 1196 Sacrae
803 1141 941 1206 congreg.
957 1139 991 1192 de
1009 1142 1092 1206 Prop.
1108 1139 1179 1191 Fide
1198 1138 1234 1191 ed

110 1235 251 1286 Joanuem
269 1235 387 1286 Hermen
416 1237 483 1286 tunc
502 1235 714 1286 Meussulenum
733 1233 944 1298 Metropolitem
971 1234 1001 1284 et
1018 1229 1235 1282 Patriarchatus

109 1323 381 1376 Administratorem
400 1340 475 1376 enno
498 1323 568 1374 1802
596 1323 714 1388 missis,
745 1323 848 1388 quibus
878 1323 953 1374 hunc
971 1321 1177 1374 adhortabatur
1202 1322 1235 1370 ut

111 1412 266 1465 chaldaeis
287 1413 350 1464 illis
370 1413 535 1464 Praesulem
556 1411 588 1463 de
608 1412 724 1478 proprio
743 1411 814 1465 Ritu
833 1411 925 1463 deret.

182 1495 227 1575 (1)
245 1503 310 1554 Toti
329 1504 519 1568 Segestanae,
544 1501 658 1568 antiqui
676 1502 826 1554 Persarum
844 1501 938 1565 Regni
960 1500 1138 1567 Provinciae,
1160 1499 1237 1552 inter

110 1590 318 1658 Ohcrosenam,
340 1593 500 1644 Maerenam
518 1594 547 1642 et
565 1591 694 1644 Sindiam
716 1590 791 1642 sitae
809 1590 916 1658 injure
936 1590 1127 1642 ecclesiastico
1147 1589 1235 1642 (ihel-

112 1682 244 1735 deeorum
262 1682 382 1747 primum
402 1682 558 1747 Episcopus
576 1683 709 1747 praeerat
726 1681 948 1747 Metropoliteno
967 1680 1059 1732 Herae
1080 1681 1236 1748 subjectus,

112 1775 155 1824 uti
174 1774 268 1838 liquet
288 1787 322 1824 ex
342 1772 423 1824 Eliae
441 1771 607 1824 Damasceni
627 1772 749 1837 Tabula;
772 1774 871 1838 postea
888 1771 1110 1836 Metropoliticis
1129 1771 1238 1838 etipse

111 1849 279 1928 privilegiis
297 1863 396 1912 auctus
415 1859 483 1926 fuit,
498 1861 541 1912 uti
560 1860 662 1912 scribit
679 1857 792 1911 Amrus.
813 1861 848 1912 In
871 1859 1038 1913 Slibazchae
1056 1860 1238 1912 Petriercha·

112 1954 152 2016 tu,
175 1949 282 2002 saeculi
301 1949 397 2002 octavi
414 1949 501 2003 initio
520 1989 526 2016 ,
547 1947 710 2016 Stephanus
730 1948 846 2016 quidem
875 1948 1048 2014 Segestanae
1067 1949 1237 2002 (loenobium

7 2021 8 2024 ’
113 2040 254 2093 condidit.

183 2125 228 2204 (2)
247 2128 394 2184 Hamadau
413 2130 480 2184 urbs
500 2129 621 2184 Gebalee
641 2145 690 2183 seu
708 2131 812 2182 Irakee
832 2129 1004 2196 Agemicee,
1026 2131 1078 2183 hoc
1097 2132 1150 2196 est,
1170 2131 1237 2181 Per·

112 2221 200 2286 thiae,
214 2221 246 2272 in
259 2221 487 2286 praesentiarum
499 2220 534 2273 ed
545 2235 661 2285 regnum
671 2220 811 2287 persicum
822 2220 984 2287 pertinens,
997 2220 1027 2271 in
1039 2221 1146 2272 Tabula
1157 2220 1238 2271 Eliae

111 2308 280 2361 Demesceui
294 2309 473 2376 Episcopelis
487 2310 537 2362 sub
550 2310 700 2376 Metropoli
711 2310 894 2376 Halavane03
907 2314 1005 2376 postea
1018 2308 1238 2374 Metropolitana
1257 2319 1259 2322 ·

113 2397 141 2448 et
158 2397 233 2462 ipsa.
265 2397 300 2448 In
320 2397 451 2449 Historia
470 2397 674 2450 (lhaldaeorum
696 2401 866 2450 memoratur
886 2398 1011 2451 Joannes
1038 2398 1072 2450 ab
1094 2398 1159 2450 Elia
1179 2397 1235 2449 III.

5 2505 6 2508 ¹
112 2486 284 2538 Patriareha
303 2503 319 2538 a
337 2488 501 2540 llossulana
519 2489 669 2555 Metropoli
692 2489 727 2542 ad
744 2488 990 2542 Hemadanensem
1005 2490 1174 2542 translatus.

184 2571 226 2646 (3)
247 2573 459 2644 Chen-Belek,
490 2593 539 2629 seu
559 2577 733 2646 Ohambelu,
754 2579 838 2631 hodie
857 2579 998 2631 Pekinum
1022 2578 1127 2631 dictam
1146 2578 1236 2631 Abul-

113 2663 207 2731 pbede
225 2664 310 2731 ponit
332 2685 344 2712 u
364 2665 395 2718 in
415 2666 551 2718 extremis
570 2667 698 2722 Orientis
717 2669 850 2736 pertibus
861 2669 892 2721 in
912 2669 1039 2734 Regione
1058 2668 1195 2737 Chatajae
1211 2690 1235 2734 a,

112 2751 165 2802 hoc
185 2753 239 2816 est,
261 2749 347 2802 Since
368 2752 614 2819 septentrionalis
636 2754 715 2820 cujus
735 2757 779 2806 est
798 2755 977 2820 Metropolis.
1002 2754 1087 2808 Sedes
1107 2755 1165 2807 fuit
1182 2755 1237 2808 Me-

112 2839 291 2906 tropoliteni
310 2839 456 2907 Chaldaei,
472 2842 522 2907 qui
538 2842 570 2893 in
589 2842 697 2896 Tabula
715 2841 793 2894 Amri
812 2836 852 2916 (θ)
871 2843 1037 2897 vicesimum
1057 2845 1173 2896 tertium
1192 2845 1239 2896 lo-

112 2946 173 2983 cum
194 2932 334 2996 occupat,
357 2930 464 2996 quique
493 2931 647 2998 aliquando
671 2933 770 2984 unitus
798 2932 905 2997 legitur
930 2949 991 2986 cum
1017 2935 1237 3000 Metropolitano

112 3019 323 3084 Tanchetensi,
346 3023 379 3071 ut
398 3019 431 3095 de
451 3021 469 3072 J
472 3021 593 3073 abaleha
612 3037 686 3074 enno
707 3021 797 3088 1279,
825 3025 949 3089 tempore
972 3025 1087 3076 Denhee
1106 3023 1238 3076 Patriar-

6 3124 10 3197 ’ξ
104 3109 190 3176 'ehae,
213 3109 319 3162 scribit
337 3108 571 3176 Abulpharagius
591 3111 800 3164 Barhebraeus.
819 3111 932 3166 Primus
951 3113 1119 3168 Latinorum
1139 3112 1236 3164 chem-

7 3199 8 3210 ’
111 3199 257 3253 heliensis
276 3199 515 3268 Archiepiscopus
535 3205 645 3255 creatus
664 3202 723 3254 fuit
742 3217 816 3254 anno
836 3201 915 3254 1307.

550 3407 813 3418 ——n-——n

111 3559 250 3628 Tripolis,
273 3561 303 3612 et
320 3557 407 3616 Accae
427 3577 475 3614 seu
494 3562 711 3630 Ptholemaidis,
726 3563 902 3632 aliorumque
912 3567 1034 3619 locorum
1049 3565 1150 3633 Syriae
1162 3568 1236 3622 iuco-

7 3721 8 3731 .
111 3653 155 3703 las
176 3665 253 3702 anno
274 3648 353 3703 1247.
374 3651 497 3718 qqure
516 3654 634 3720 scripsit
653 3649 717 3727 (cfr
735 3656 833 3708 Innoe.
850 3657 901 3710 IV.
921 3658 974 3710 lib.
987 3658 1015 3710 4.
1037 3659 1120 3727 epist.
1137 3661 1188 3712 119
1209 3663 1239 3713 et

7 3744 15 3797 ’,
111 3739 260 3808 Rayneld.
281 3740 435 3796 adannum
455 3744 535 3796 1247.
556 3760 585 3798 ιι.
606 3745 641 3796 32
658 3771 676 3784 -
693 3740 752 3817 49).

9 3824 12 3833 “
183 3823 227 3901 (α)
242 3829 301 3881 Hoc
316 3833 360 3882 est
385 3832 416 3883 in
436 3833 530 3900 Epist.
552 3835 633 3888 Elias
654 3835 885 3890 Patriercheead
904 3839 1022 3892 Paulum
1036 3841 1069 3894 V.
1091 3856 1137 3894 en.
1157 3840 1234 3893 1610.

114 3919 224 3985 scripta
249 3913 322 3990 (Gir.
345 3921 464 3974 Strozza
484 3924 640 3990 synodalia
660 3925 888 3997 Chaldaeorum).

183 4003 227 4082 (ὅ)
251 4009 311 4062 Hoc
335 4013 537 4066 monasterium
554 4015 719 4084 novissime,
743 4031 795 4084 quo
812 4018 876 4085 jure
890 4020 995 4087 nescio,
1016 4019 1134 4073 Armeni
1146 4021 1237 4074 Hete-

113 4095 215 4150 rodoxi
239 4104 420 4166 occuparunt.

183 4181 223 4262 (⁶)
242 4188 294 4241 Vel
314 4190 412 4256 potius
431 4191 463 4244 in
481 4191 645 4260 Appendice
664 4195 700 4248 ad
721 4196 845 4265 ejusdem
863 4198 944 4252 Amri
963 4199 1110 4254 Tabulam.
