3056 4756
607 193 784 260 -79..

139 316 415 385 fundamentum:
431 337 536 406 super
550 317 693 384 Petrum
711 315 872 383 extruxit
883 315 1050 384 Dominus
1066 314 1257 383 Ecclesiam
1270 333 1484 458 pipptpoupempep

140 447 238 492 suam
261 423 417 492 fidelem:
441 423 641 508 charisma,
668 423 758 515 quod
783 423 899 491 Simon
926 424 1060 513 accepit
1082 422 1257 511 excipitur
1271 462 1484 520 „mmmmm

138 555 199 621 per
223 532 485 616 successionem,
511 531 548 598 in
572 531 730 599 omnibus
753 531 1047 620 generationibus,
1066 537 1102 600 et
1120 530 1258 619 perficit
1269 524 1483 648 ffiffiffpisnssgt

139 639 275 708 fideles:
301 639 374 707 Iste
397 645 451 708 est
475 640 511 708 S.
532 640 681 724 Simeon,
708 663 926 731 superquam
943 639 1092 729 positum
1110 644 1146 707 et
1160 640 1257 728 plan·
1271 651 1299 698 m
1315 652 1382 712 19⁵⁰·

139 753 255 816 tatum
278 751 333 814 est
356 746 618 815 fundamentum
641 747 830 834 Ecclesiae;
850 746 1032 815 etidcirco
1053 769 1167 814 omnes
1186 747 1256 836 'Py-

139 855 242 923 ramni
265 877 334 921 non
358 854 500 922 vincent
523 875 642 920 eam.»
669 855 806 922 Rursus
830 855 867 922 in
884 854 993 922 officio
1015 853 1087 920 BB.
1103 854 1200 922 Petri
1222 860 1258 922 et

138 962 242 1032 Pauli
258 961 366 1031 feriae
383 962 446 1031 VI.
457 962 491 1031 2.
509 968 587 1051 post
602 961 848 1052 Epiphaniam.
870 991 886 1026 a
900 962 964 1030 Ait
979 961 1148 1031 Ecclesia:
1166 983 1257 1028 unus

137 1093 257 1138 eorum
280 1068 472 1155 (duorum)
494 1074 548 1136 est
568 1067 704 1136 Simeon
729 1067 861 1157 Cephea
884 1067 1050 1157 Princeps
1073 1069 1256 1134 Pastorum

138 1199 302 1259 meorum,
325 1197 428 1264 super
445 1174 546 1263 cujus
569 1174 748 1242 firmitatis
777 1173 1023 1243 confessionem
1047 1173 1256 1242 fortificatus

136 1285 315 1352 exsistunt
331 1283 429 1350 bases
445 1303 549 1350 meae.
568 1280 728 1350 Ecclesia
743 1281 857 1371 posita
869 1283 1038 1370 estsuper
1055 1280 1255 1349 fundamen·

136 1401 212 1460 tum
228 1389 357 1481 lapidis
385 1397 421 1458 et
435 1390 559 1458 Petrae
583 1389 747 1484 veritatis
771 1389 850 1476 (vel
873 1389 1077 1472 firmitatis)
1106 1387 1256 1457 Simonis

136 1499 273 1588 Capitis
296 1496 484 1566 Duodecim
508 1497 894 1588 (Discipulorum)....n
914 1499 970 1586 (B.
982 1497 1045 1580 6.).

203 1608 299 1675 Haec
322 1629 424 1696 porro
448 1605 661 1674 charismata
682 1612 718 1674 et
741 1605 916 1673 attributa
947 1629 1053 1696 quum
1083 1610 1256 1695 nequeant

136 1741 214 1784 oum
238 1737 354 1783 errore
383 1713 586 1796 consociari,
613 1714 753 1804 sintque
777 1718 955 1802 praeterea
971 1713 1076 1780 Petro
1094 1733 1256 1780 concessa

135 1833 171 1892 et
198 1823 350 1906 credita,
377 1831 549 1912 quatenus
579 1827 656 1890 erat
685 1823 848 1911 Princeps
878 1820 1056 1890 Ecclesiae
1086 1820 1255 1888 constitu-

134 1938 193 1998 tus
226 1952 248 1995 a
271 1928 411 1998 Christo
434 1928 592 2012 Domino,
611 1933 859 2020 consequenter
882 1927 999 1995 eadem
1022 1927 1060 1994 in
1083 1927 1161 2016 ejus
1178 1951 1254 1996 suo-

136 2038 332 2106 cessoribus
354 2037 520 2105 Romanis
544 2035 773 2104 Pontificibus
796 2039 880 2103 sunt
903 2032 1107 2119 confitenda,
1125 2058 1166 2102 ex
1189 2036 1254 2105 Ne·

135 2147 370 2215 storianorum
394 2145 517 2235 utique
540 2143 753 2213 confessione
777 2147 813 2210 et
834 2141 1028 2233 principiis,
1055 2168 1088 2233 q.
1106 2165 1136 2211 e.
1157 2143 1190 2212 d.

18 2407 25 2426 ,
135 2367 274 2420 sitatibus.
296 2363 406 2418 Foedus
425 2366 571 2416 aeternum
590 2364 664 2431 quod
682 2363 738 2417 tibi
752 2364 885 2432 saucivit,
899 2365 980 2418 sitin
991 2366 1103 2434 siquam
1110 2367 1256 2432 firmitati·

134 2459 259 2510 filiorum
279 2459 390 2510 tuorum
410 2457 470 2507 tum
493 2454 593 2517 coium,
616 2457 674 2506 tum
695 2455 861 2506 Pastorum:
882 2453 997 2508 chaun
1016 2459 1094 2508 tuum
1113 2456 1256 2510 exaltetur

135 2563 220 2613 super
234 2561 328 2598 omnes
341 2553 444 2610 penta,
461 2559 610 2610 omnesque
624 2545 725 2608 Seciae,
744 2547 773 2596 et
784 2559 869 2611 super
882 2547 910 2597 te
924 2544 1061 2598 adveniat
1073 2561 1152 2598 omna
1166 2561 1253 2610 genus

134 2635 362 2688 benedictionum
376 2637 405 2686 ot
417 2633 620 2686 laetitiarum„
634 2631 722 2685 Vides
737 2649 782 2700 ne,
795 2634 879 2701 juxta
892 2634 964 2686 hunc
977 2633 1122 2700 hymnum,
1134 2633 1168 2687 do
1179 2651 1254 2688 more

136 2742 195 2792 suo,
215 2724 403 2778 Nestorianos
421 2725 465 2776 ita
483 2723 776 2790 indefectibilitatem,
796 2727 883 2803 atque
902 2726 1095 2778 Inerrantiam
1114 2725 1256 2779 Ecclesiae

134 2832 192 2868 una
211 2816 297 2868 simul
317 2815 353 2866 ab
372 2829 426 2866 uno
447 2813 589 2866 divinitus
602 2813 696 2880 posito
704 2813 899 2879 fundamento
913 2829 1012 2881 nempe
1022 2815 1108 2867 Petro
1120 2815 1256 2882 explicite

134 2907 164 2957 et
182 2905 383 2957 asseveranter
401 2901 542 2968 derivare,
564 2905 596 2954 ut
615 2900 777 2966 adstruant,
798 2902 850 2954 hoc
869 2901 948 2955 modo
967 2906 996 2956 et
1009 2906 1100 2970 pacto,
1116 2906 1145 2956 et
1157 2904 1255 2958 foedus

133 2995 242 3048 initum
259 2991 367 3057 inisse,
389 2995 418 3044 et
433 2991 664 3057 pollicitationes
684 2991 856 3058 adimpletas
876 2991 994 3059 christi,
1011 2997 1040 3046 ot
1051 2996 1164 3047 oracula
1182 2994 1256 3047 Scri-

132 3088 283 3152 pturarum
303 3081 336 3133 de
355 3081 499 3134 Ecclesiae
517 3082 616 3134 robore
635 3081 827 3148 comprobari?
846 3083 904 3134 Imo
925 3086 1023 3149 aperte
1037 3083 1137 3137 docent
1150 3085 1184 3137 ob
1197 3086 1255 3138 PE-

133 3172 233 3226 'PRAE
251 3171 414 3224 firmitatem
433 3187 490 3224 non
504 3171 597 3223 oviam
610 3173 700 3224 solum
713 3171 762 3224 sed
775 3174 805 3224 at
818 3173 964 3224 Pastorum
977 3173 1006 3226 h.
1018 3190 1042 3226 e.
1054 3175 1255 3242 Episcoporum

133 3265 165 3315 in
186 3276 283 3314 securo
302 3260 379 3328 poni,
394 3263 423 3312 ct
436 3261 494 3314 vim
514 3276 593 3322 suam
612 3261 759 3327 acquirere
778 3260 861 3314 Fidei
879 3262 1079 3331 stabilitatem,
1101 3267 1131 3316 et
1145 3263 1186 3316 sic
1199 3264 1256 3318 ΟΔ-

133 3353 205 3406 Pur
224 3351 368 3404 Ecclesiae
387 3351 539 3418 triumpho,
562 3354 591 3402 et
610 3350 787 3402 exultatione
806 3351 896 3417 potiri
917 3367 1001 3418 super
1020 3368 1115 3406 omnes
1134 3357 1253 3422 ceteras,

134 3457 207 3510 quae
227 3442 259 3493 in
278 3440 381 3494 mundo
395 3445 470 3507 sunt,
486 3441 709 3508 Communiones,
731 3441 825 3494 eodem
845 3443 1006 3496 charactere
1026 3443 1125 3497 divine
1141 3445 1256 3498 minime

130 3531 302 3596 insignitas.
348 3551 349 3556 ¹
595 3595 598 3603 ,

193 3614 287 3693 (Be.)
300 3620 387 3683 Quum
397 3621 449 3674 hos
463 3623 536 3674 alios
550 3624 645 3674 textus
656 3637 712 3674 non
724 3623 884 3700 attulissem
894 3623 988 3676 incit.
1000 3625 1053 3678 cl.
1062 3625 1156 3702 nnn.
1165 3625 1255 3678 etIII.

132 3739 197 3793 haia
216 3738 321 3805 accipe:
344 3718 563 3800 4834333
582 3743 644 3797 43
664 3721 919 3820 l-Sl-zpw
935 3730 1079 3832 (PQPP
1094 3712 1258 3818 8ίῆἱόἰοῖ

18 3951 19 3956 Ν
131 3859 260 3944 untes
287 3863 345 3938 da
375 3856 481 3939 bien
514 3853 586 3958 lies
615 3868 967 3978 „aasmspssas
998 3860 1115 3958 esses
1144 3863 1257 3950 ussa

130 4003 185 4104 lit
214 3999 309 4121 V³9)
342 3995 532 4086 dissuetus,
569 3998 658 4100 ὶ-έρ
692 4014 817 4121 ,ime
852 4001 958 4088 2332?
993 3996 1122 4099 lsslso
1154 3997 1256 4091 ties?

580 4141 779 4266 .(=.eeies0
809 4152 947 4245 maiis
977 4157 1105 4263 &sss-²
1134 4149 1255 4236 lisano
