3056 4756
720 125 919 192 -114-

259 261 411 322 mentum
434 277 496 343 pro
519 253 596 320 Emi
619 255 664 320 H.
683 253 725 320 E.
745 252 907 320 Parentis
930 253 1124 337 sententia,
1152 253 1245 320 cirea
1268 251 1379 320 inter-

258 363 465 452 polationem
482 361 636 428 Actuum
653 361 829 448 Syn.VI.,
849 360 998 428 tutanda
1017 365 1054 427 et
1070 359 1314 427 confirmanda.
1329 358 1382 426 Et

257 493 380 538 revera
394 511 416 518 -
432 468 476 535 1⁶.
495 469 648 534 Aliunde
665 468 770 534 etiam
788 475 936 550 constat,
958 468 1048 557 quod
1073 467 1149 534 heic
1165 467 1202 532 in
1219 488 1283 532 sua
1306 466 1379 554 epi-

257 578 346 646 stola
370 577 573 644 Theodorus
596 575 758 642 Pontifex
776 573 966 662 praedicat,
987 573 1205 641 Theodorum
1221 572 1296 660 jam
1312 574 1379 640 Pa-

255 683 449 752 trlaroham
473 681 898 768 Constantinopolitanum
918 681 1185 748 monotheletam
1200 681 1378 766 extitisse,

257 800 407 880 ternpore
439 790 529 881 quod
558 789 759 878 praecedit,
789 787 1063 872 concomitatur,
1089 796 1126 856 et
1153 787 1380 878 subsequitur

258 899 450 968 Concilium
473 897 537 965 VI.
566 896 724 963 Iamvero
753 902 813 986 qui
844 895 1041 982 explicatur
1065 895 1155 986 quod
1180 897 1381 984 praefatum

259 1006 450 1075 Concilium
477 1005 558 1071 aliia
586 1005 742 1070 omnibus
771 1002 968 1070 Anathema
1000 1002 1109 1086 dicit,
1139 1010 1282 1092 excepto
1314 1003 1381 1072 hoc

260 1137 328 1183 uno
359 1112 536 1180 Theodoro
549 1113 565 1177 ‘l
595 1151 616 1160 —
646 1111 692 1178 2⁰.
724 1111 879 1192 Quonam
912 1117 1012 1198 pacto
1045 1132 1141 1200 quern
1176 1111 1382 1179 Theodorus

259 1223 355 1312 Papa
376 1221 568 1308 publicent
585 1219 799 1288 haereticum
824 1242 900 1286 oum
918 1217 1040 1304 Sergio
1058 1217 1196 1306 Pyrrho
1213 1217 1379 1311 aliisque,

259 1338 295 1399 et
317 1332 360 1397 ab
383 1329 540 1396 Ecclesia
565 1335 685 1395 sancta
709 1327 879 1416 rejectum
904 1327 1234 1416 condemnatumque
1257 1327 1380 1395 tradu-

260 1438 320 1521 cit,
339 1438 463 1536 ipsum,
485 1436 603 1524 paullo
620 1441 708 1524 post,
729 1435 892 1524 Synodus
908 1434 1126 1503 oecumenica
1143 1434 1316 1522 profundo
1333 1435 1381 1502 si-

259 1545 367 1614 lentio
391 1544 518 1634 abique
541 1543 751 1625 dissimulat,
775 1544 854 1611 dum
879 1544 916 1609 in
941 1543 1037 1611 vivis
1053 1551 1117 1626 est,
1136 1543 1259 1610 noxior
1283 1551 1380 1611 certe

260 1653 432 1733 11111111,
462 1658 497 1718 11
523 1651 595 1738 jam
628 1651 670 1716 ab
701 1650 778 1738 ipsa
802 1651 880 1716 sede
904 1649 1290 1738 Constantinopolitana
1312 1649 1382 1738 eje-

261 1759 396 1828 ctusl-
415 1759 460 1825 3⁰.
486 1759 604 1848 Neque
627 1757 933 1847 interpolationum
956 1759 1245 1826 Documentorum
1269 1781 1382 1826 exem·
1517 1767 1518 1780 ¹

261 1868 320 1957 pla
345 1867 471 1934 desunt
494 1866 530 1932 in
555 1867 666 1955 ipsius
690 1867 792 1934 Cone.
818 1867 882 1935 VI.
909 1867 1010 1934 Actis
1034 1866 1160 1949 relata,
1186 1872 1222 1933 et
1255 1865 1292 1932 in
1316 1866 1384 1933 illa

262 1982 375 2042 aetate
395 1982 430 2042 et
453 1997 474 2040 a
489 1973 728 2041 Monothelitis
752 1974 839 2062 ipsis
860 1975 1212 2062 usurpatamque
1238 1975 1383 2043 Certum

261 2089 439 2173 praeterea
470 2089 523 2149 est
556 2082 773 2172 Theodorum
811 2081 924 2149 sedem
959 2081 1382 2170 Constantinopolitanam

262 2195 339 2280 post
354 2190 549 2258 absolutum
567 2190 758 2260 Concilium
782 2189 984 2278 repetiisse,
1009 2177 1383 2278 interpolationemque

262 2297 415 2388 potuisse
440 2298 539 2366 facili
563 2299 703 2388 negotio
721 2299 852 2366 efficere
869 2320 931 2364 suo
947 2297 1079 2364 nomini
1096 2297 1242 2364 Honorii
1258 2319 1382 2366 nomen
1517 2327 1518 2330 ¹

262 2403 514 2472 substituendo.
534 2404 603 2471 Ubi
619 2428 700 2492 ergo
716 2405 852 2493 legitur
872 2405 1027 2470 Honorio
1046 2407 1211 2470 haeretico
1227 2405 1383 2471 111111111-
1517 2393 1518 2476 l

262 2535 316 2576 mc
331 2510 513 2598 legebatur
531 2511 698 2578 Theodoro
712 2519 801 2579 etc·
815 2512 860 2578 5⁰.
873 2512 1031 2579 Ceterum
1046 2513 1148 2600 probe
1161 2511 1382 2600 intelligitur

262 2621 351 2714 quod
376 2618 412 2686 S.
435 2619 598 2707 Synodus
622 2620 663 2685 ob
686 2620 829 2686 abusum
854 2619 1053 2694 litterarum
1076 2617 1235 2704 Honorii,
1250 2620 1380 2711 quibus

263 2729 432 2798 haeresim
449 2749 544 2793 suam
562 2727 823 2812 Monothelitae,
843 2727 976 2816 injuria
992 2727 1088 2810 licet,
1106 2727 1199 2794 tueri
1216 2728 1383 2795 conaban-

262 2843 334 2920 tur,
363 2842 399 2903 et
423 2836 463 2902 ob
488 2834 634 2922 speciem
659 2835 792 2902 favoris
817 2859 878 2923 per
902 2835 984 2901 illas
1008 2835 1118 2902 errori
1143 2835 1296 2919 illorum,
1311 2837 1382 2904 etsi
1517 2861 1518 2882 ,

262 2951 400 3033 praeter
423 2941 661 3025 intentionem,
682 2942 954 3035 suppeditatum,
975 2944 1091 3032 potnit
1107 2949 1142 3010 et
1158 2943 1278 3011 debuit
1298 2943 1383 3012 1111-
1517 2993 1518 3004 1

261 3057 323 3140 pta
346 3051 410 3118 illa
434 3050 658 3134 condemnare
672 3051 903 3136 (Acarnan
923 3055 962 3117 at
975 3072 1190 3142 nequaquam
1211 3051 1381 3140 intelligi·

262 3165 335 3242 tur,
352 3181 461 3248 neque
485 3157 558 3223 ullo
583 3165 681 3244 pacto
707 3182 783 3224 cum
807 3158 956 3226 historia
977 3165 1012 3226 et
1028 3159 1133 3226 factis
1150 3164 1185 3226 et
1200 3158 1381 3250 adjunctis

264 3265 483 3346 conciliatur,
511 3264 601 3354 qnod
632 3264 800 3332 haeretici
825 3265 1016 3349 Theodori,
1047 3266 1242 3357 etquidem
1266 3265 1381 3335 adhuc

263 3371 421 3457 11111111
444 3380 479 3440 11
502 3371 686 3460 perniciosi
710 3373 825 3454 nimis,
843 3374 979 3442 nomine
997 3374 1137 3442 silentio
1160 3375 1377 3460 transmisso,

264 3487 402 3548 sanctae
431 3479 612 3546 memoriae
638 3481 835 3572 ceteroquin
858 3482 1073 3565 Pontificem,
1093 3483 1133 3548 ob
1150 3483 1305 3550 umbram
1328 3483 1378 3552 fa·

265 3587 359 3654 voris
383 3587 539 3671 haeresi,
567 3587 653 3656 licet
676 3597 813 3677 praeter
838 3597 1004 3671 mentem,
1031 3590 1198 3678 praebiti,
1224 3589 1379 3660 Amathe·

264 3700 354 3762 mate
377 3700 412 3762 et
436 3695 602 3762 vocabulo
628 3697 803 3778 baeretici,
829 3697 1020 3785 perculerit
1035 3697 1130 3784 (Act.
1141 3697 1256 3785 XVI.)

334 3801 547 3870 TERTIUM
572 3805 767 3874 ostenditur
789 3804 1006 3892 potissimum
1031 3805 1064 3871 1⁰
1079 3829 1122 3874 ex
1145 3806 1287 3874 Donum.
1307 3805 1377 3876 III.

265 3931 326 3999 per
337 3908 402 3974 illa
419 3909 523 3976 verba
539 3909 617 3978 «Ne
634 3909 789 3978 dicamus
803 3911 890 3979 duas
907 3911 1106 3979 voluntates
1122 3935 1231 4003 neque
1243 3935 1376 3980 unam»

266 4038 349 4104 ergo
373 4016 549 4082 silentiam
573 4017 645 4083 fuit
669 4019 711 4084 ab
742 4018 896 4086 Honorio
919 4017 1138 4106 impositum,
1165 4041 1234 4088 non
1258 4016 1380 4108 dopma

266 4122 523 4210 promulgatum
547 4122 581 4187 2ο
604 4146 645 4190 ex
661 4124 775 4193 eodem
800 4126 943 4193 Docum.
965 4126 1045 4194 111⁰.
1069 4127 1188 4196 «Inde
1212 4127 1380 4198 remansit
