3046 4756
708 163 909 232 ...184-

253 293 444 378 delibatus,
463 291 685 362 Christianae
701 288 952 380 philosophiae,
975 293 1080 380 atque
1103 291 1266 361 arctioris
1290 295 1373 363 soli·

253 401 432 493 tariacque
449 400 556 486 vitae,
575 399 655 468 inde
675 421 697 466 a
718 397 829 466 medio
851 396 1052 481 sarculos,
1073 399 1258 470 cernimus.

318 512 381 581 IV.
408 510 498 578 Sane
519 509 671 577 Jacobus
693 506 755 575 ille
778 505 947 595 Magnus,
974 504 1036 596 qui
1059 529 1127 575 uno
1154 529 1243 577 auno
1270 515 1371 580 antc-

250 613 414 708 quemad
431 612 581 702 Superos
596 615 800 680 evocaretur
817 614 886 698 (an.
903 607 998 693 338.)
1010 608 1172 696 Nisibin,
1191 635 1291 680 suam
1307 635 1369 704 pa-

252 723 371 806 triam,
386 721 429 787 ab
444 718 604 786 immanis
620 717 763 808 Saporis
776 716 963 800 obsidione,
978 716 1053 783 suis
1068 718 1191 809 suique
1205 719 1372 810 discipuli

252 827 417 919 Epraemi
439 827 610 916 precibus,
624 825 803 912 liberavit;
830 829 866 892 et
888 847 943 892 an.
967 819 1046 892 336.
1071 848 1213 894 rursum
1240 827 1313 899 suis
1337 834 1373 896 et

253 935 449 1006 Alexandri
481 933 827 1023 Constantinopoleos
853 931 1041 1000 Antistitis
1076 933 1297 1022 conjunctis,
1328 937 1373 1005 ad

157 1057 160 1073 '
253 1045 364 1112 Deum
382 1041 709 1130 supplicationibus,
724 1040 906 1108 interitum
930 1039 1030 1130 impii
1045 1040 1128 1108 Arii
1151 1041 1368 1132 impetravit;

252 1157 288 1222 et
303 1174 392 1219 anno
416 1150 494 1217 335.
520 1147 671 1217 Concilio
698 1147 1029 1237 Hierosolymitano,
1048 1150 1085 1216 in
1101 1173 1167 1241 quo
1190 1151 1372 1243 Templum

254 1261 291 1329 S.
306 1259 491 1349 Sepulchri
514 1255 710 1326 dedicatum
733 1262 798 1341 est,
818 1255 993 1342 interfuit3
1013 1262 1048 1323 et
1068 1278 1156 1324 anno
1180 1257 1272 1343 325„
1293 1283 1372 1327 cum

253 1367 368 1436 eodem
385 1364 558 1454 discipulo
574 1385 636 1431 suo
652 1362 834 1451 Epraemo,
844 1361 1018 1432 Nicaenae
1035 1363 1152 1432 adfuit
1168 1363 1322 1454 Synod03
1337 1372 1374 1434 et

254 1475 348 1543 circa
365 1498 421 1544 an.
441 1472 519 1541 297.
540 1473 604 1540 sub
627 1471 769 1540 Galerio
786 1470 999 1540 Maximiano
1014 1471 1095 1540 fidei
1112 1474 1288 1542 confessor
1304 1474 1373 1543 cla-

252 1582 408 1671 ruitjam
420 1580 614 1671 Episcopus
625 1579 929 1667 Nisibis,ipsemet
940 1585 1042 1647 antea
1054 1579 1248 1648 solitariam
1260 1582 1372 1650 vitam

253 1713 314 1780 per
330 1711 437 1756 annos
453 1687 509 1756 38.
526 1688 590 1756 hoc
606 1692 671 1772 est,
689 1687 732 1754 ab
748 1707 838 1754 anno
854 1685 931 1754 258.
952 1686 995 1754 ad
1011 1707 1139 1754 annum
1156 1686 1233 1756 395.
1253 1689 1374 1757 fuerat

253 1798 441 1888 professus.
477 1795 573 1862 aEx
600 1794 785 1862 altissimis
812 1794 981 1862 montium
1007 1794 1194 1864 Nisibenae
1217 1794 1373 1885 regionis

253 1905 468 1988 verticibus,
502 1903 627 1972 scribit
658 1902 891 1971 Theodoritus
915 1902 985 1990 (1),
1019 1895 1081 1969 ubi
1111 1901 1308 1972 solitariam
1335 1909 1373 1972 et

253 2013 406 2104 quietam
429 2012 540 2080 vitam
567 2014 644 2078 erat
676 2009 855 2099 amplexus
878 2008 1028 2098 Magnus
1053 2009 1078 2076 J
1079 2011 1205 2079 acobus
1228 2016 1374 2082 venerat
1464 2045 1467 2053 ·

253 2141 314 2210 per
337 2119 374 2186 id
396 2123 533 2206 tempus
556 2119 666 2202 (certe
689 2123 771 2183 ante
786 2137 843 2182 an.
858 2115 954 2200 297.)
979 2115 1219 2200 ic'Parsidem‚
1237 2119 1375 2186 visuras

248 2227 394 2316 plantas
412 2247 511 2310 cerac
525 2224 735 2314 Religionis,
754 2237 786 2288 ct
802 2237 1036 2312 comprecatam
1051 2225 1099 2290 eis
1116 2247 1230 2290 caram
1242 2226 1375 2291 ectiti-

256 2347 391 2402 raras...
411 2332 590 2423 posthaec
606 2331 650 2400 ad
667 2354 793 2400 munus
808 2331 1038 2400 Pontificatus
1054 2331 1212 2401 trahitur
1228 2332 1292 2420 (2).
1310 2359 1327 2396 n

256 2513 441 2524 ...ι--ι-ο

254 2625 370 2693 ejusque
381 2623 536 2690 discipulos
548 2623 663 2675 minime
676 2621 835 2690 exstitisse,
852 2625 966 2690 praeter
977 2623 1130 2676 solitarias
1143 2623 1222 2680 vitae
1236 2626 1371 2692 cultores,

253 2715 402 2768 monachos
422 2729 532 2782 quoque
552 2714 665 2781 proprie
686 2711 776 2765 dictos
793 2715 822 2764 et
835 2713 985 2766 coenobia.
1006 2714 1065 2765 Hoc
1078 2713 1275 2768 demonstrant
1288 2717 1375 2782 plura

254 2805 401 2870 exempla,
423 2801 543 2868 quaein
562 2802 744 2854 monimentis
773 2802 953 2854 nostratibus
981 2803 1087 2870 passim
1113 2807 1281 2856 occurrunt:
1303 2804 1375 2856 talis

253 2894 311 2946 luit
328 2892 464 2945 Julianus
483 2890 606 2943 Sabain
625 2890 828 2958 Mesopotamia
850 2889 886 2943 ad
905 2891 1097 2957 Euphratem:
1118 2892 1255 2946 Barsebia
1272 2891 1374 2944 Archi-

252 2981 397 3034 mandrita
414 2995 474 3032 cum
493 2980 578 3033 sociis
598 2979 726 3032 undecim
742 2997 748 3031 :
771 2995 846 3032 anno
866 2979 930 3032 Ohr.
947 2980 1010 3034 331.
1032 2983 1062 3034 et
1080 2981 1158 3034 iuter
1177 2981 1376 3047 Quadraginta

253 3072 405 3137 Martyres,
417 3085 466 3122 sou
485 3069 615 3122 monachi
634 3073 663 3122 ct
675 3069 1055 3125 BademusArchimandrita
1072 3087 1134 3124 cum
1153 3077 1261 3139 septem
1279 3088 1376 3126 mona·

252 3161 314 3214 chia
337 3175 410 3214 anno
429 3159 545 3226 Saporis
565 3159 610 3212 66.
631 3160 798 3226 martyrium
813 3161 925 3229 subjcrc
936 3156 977 3235 (α)
989 3167 1056 3214 auto
1069 3162 1222 3216 adveutum
1235 3164 1374 3216 sociorum

252 3251 373 3316 Eugenii
391 3251 422 3301 in
441 3249 595 3302 Persidem.
614 3248 689 3302 Ante
708 3267 754 3303 an.
770 3250 886 3318 Saporis
905 3252 951 3304 40.
972 3253 1068 3306 coaevi
1090 3253 1243 3318 Kardagho
1262 3255 1374 3320 Regulo

253 3338 377 3404 Martyri
400 3341 591 3390 memorantur
609 3339 695 3391 Beres
714 3341 744 3392 ct
763 3339 919 3408 Ebodjosus
947 3341 1147 3394 Monachorum
1175 3342 1313 3410 praefecti
1341 3343 1373 3395 in

252 3419 381 3495 Assyria.
403 3427 483 3492 Quod
501 3443 568 3482 vero
587 3430 713 3495 palmare
733 3431 777 3482 est
795 3429 964 3483 coenobium
991 3433 1021 3486 S.
1041 3431 1172 3499 Thomas,
1185 3433 1216 3486 in
1240 3432 1325 3485 India
1344 3435 1375 3484 et

254 3519 452 3572 Cataraeorum
470 3517 576 3586 insula,
594 3519 654 3586 jam
678 3519 823 3572 monachis
842 3519 990 3591 abundans
1019 3522 1085 3573 ante
1112 3521 1265 3575 adventum
1283 3523 1374 3576 Jonas

253 3607 388 3660 (toouobii
405 3607 536 3661 Anbarao
550 3607 721 3676 fundatoris,
739 3609 792 3676 qui¹
802 3608 879 3662 inter
892 3609 999 3676 primos
1010 3610 1133 3676 Eugenii
1148 3611 1237 3672 socios
1251 3606 1372 3685 triow.

322 3691 368 3771 (1)
386 3698 420 3750 In
438 3697 516 3751 Hist.
537 3697 685 3764 Religiosa
703 3715 726 3752 c.
743 3699 769 3753 1.
789 3684 819 3752 ct
837 3714 916 3766 seqq.
946 3699 1005 3752 on.
1026 3701 1112 3754 etiam
1131 3701 1232 3756 Eusoh.
1253 3703 1274 3754 l.
1289 3702 1318 3754 4.
1339 3701 1374 3754 de

253 3789 313 3842 Vit.
330 3788 427 3841 (toust.
442 3804 465 3842 c.
476 3789 522 3842 43.
543 3792 572 3841 et
589 3791 738 3855 Martyrol.
760 3789 841 3842 Rom.
857 3788 899 3842 15.
915 3785 1001 3843 Juliiss

324 3875 366 3952 (2)
384 3879 428 3932 Ex
446 3878 512 3947 his,
546 3879 660 3933 collatis
683 3879 769 3933 etiarn
801 3880 863 3947 ejus
887 3881 1019 3948 superius
1042 3879 1199 3948 disputatis
1228 3879 1260 3933 dc
1289 3879 1374 3948 Syris

325 4107 368 4182 (α)
386 4109 445 4162 on.
460 4110 502 4164 St.
517 4109 606 4163 Evod.
621 4108 730 4166 Assem.
743 4111 806 4164 Act.
821 4111 943 4178 Martyr.
957 4113 1069 4167 Oricut.

326 4191 368 4268 (ὂ)
385 4197 500 4251 Videris
518 4199 595 4253 dicta
613 4199 647 4252 do
667 4201 719 4255 hoc
737 4199 876 4255 (toenobio
896 4217 989 4269 supra.
