3036 4750
572 273 615 283 ..
639 257 674 298 1x
697 272 741 284 .-

92 359 170 435 vari
198 362 322 462 queat,
354 383 513 462 pronum
539 361 595 435 est
621 359 849 453 concludere,
873 357 971 433 tanti
998 355 1209 432 faciendam

92 485 253 563 Romani
272 485 468 564 Pontificis
492 484 623 588 plenae
642 510 686 561 ac
705 508 897 587 supremae
923 481 1117 584 potestatis
1147 482 1208 556 fir·
1329 502 1333 513 ‘

91 609 270 704 mitatem,
294 609 423 712 quanti
451 612 508 686 est
536 609 731 713 ipsiusmet
749 607 957 711 Religionis
976 605 1116 684 Christi
1136 609 1206 682 sta-

90 734 211 811 bilitas
239 739 350 835 atque
378 735 621 812 conservatio,

168 862 318 938 Norunt
334 861 405 937 hoc
428 863 628 938 Portarum
652 860 762 938 inferi
790 860 964 953 ministri,
989 861 1054 962 qui
1081 859 1208 961 proin-

90 985 146 1078 de,
165 1011 284 1087 quum
302 987 379 1062 sint
399 987 688 1090 «prudentiores
706 987 747 1063 in
766 987 1005 1089 generatione
1027 1010 1096 1063 sua
1113 985 1206 1088 ipsis

89 1112 200 1188 Lucis
210 1111 318 1188 Natis
333 1139 352 1185 a
370 1108 610 1216 (quamquam
624 1111 716 1189 illud
731 1111 844 1188 stulte
858 1111 926 1187 sibi
940 1110 1201 1213 persuadeant:

89 1261 195 1338 posse
223 1261 355 1339 nempe
381 1235 578 1338 aliquando
605 1239 814 1314 creaturam
832 1237 929 1338 quod
951 1235 1078 1339 posuit
1097 1234 1205 1312 Orea-

89 1363 144 1436 tor
173 1357 364 1465 amovere)
394 1385 436 1436 eo
464 1364 736 1438 consueverunt
764 1385 851 1437 suos
888 1385 1013 1437 omnes
1047 1363 1201 1436 conatus

89 1486 261 1588 dirigere,
287 1511 360 1587 quo
378 1485 565 1562 Ecclesiae
593 1486 714 1589 ipsum
732 1487 802 1564 hoc
820 1485 1114 1580 fundamentum,
1148 1510 1203 1562 su·

88 1637 254 1713 premam
281 1611 451 1689 videlicet
478 1613 736 1690 auctoritatem
765 1612 934 1690 Pastoris
967 1613 1078 1688 unius
1106 1609 1204 1688 evel-

88 1736 218 1828 lerent,
245 1735 276 1811 si
304 1736 387 1812 fieri
414 1741 552 1839 posset.
584 1736 732 1841 Optime
761 1735 894 1840 quippe
921 1736 1055 1814 callent
1081 1734 1204 1811 vafer-

87 1862 170 1938 rimi
198 1861 369 1946 homines
395 1862 537 1940 tamdiu
554 1861 761 1940 Inserorum
788 1865 989 1964 potestates
1018 1885 1093 1938 non
1119 1885 1200 1936 esse

88 1993 218 2064 contra
245 1988 364 2091 ipsam
390 1988 596 2065 Ecclesiam
624 1987 910 2091 praevalituras,
934 1987 1111 2090 quamdiu
1139 1988 1222 2062 lir-·

86 2137 186 2189 mum
215 2117 344 2190 manet
370 2113 448 2191 eius
484 2113 780 2191 fundamentum:
811 2115 926 2191 Petra
953 2139 1019 2190 seu
1047 2114 1196 2206 Petrus

85 2239 148 2337 qui
178 2239 221 2315 in
251 2239 523 2316 successoribus
541 2239 616 2316 suis
644 2265 787 2342 semper
813 2240 923 2317 vivit.

162 2367 370 2443 Fractarea
396 2363 466 2442 hoc
494 2365 759 2468 qualecumque
784 2367 826 2442 de
844 2365 1019 2468 Episcopi
1038 2363 1202 2468 Romani

82 2491 258 2567 Primatu
286 2489 481 2591 specimen,
505 2492 551 2567 ad
570 2493 756 2567 nostrates
775 2490 872 2592 quod
891 2489 1039 2584 attinet,
1065 2492 1202 2592 specia-

82 2614 154 2691 lem
182 2614 388 2717 praesefert
415 2616 638 2718 respectum,
661 2615 773 2692 simul
800 2614 899 2693 enim
927 2618 966 2691 et
992 2639 1119 2692 omnes
1137 2639 1202 2716 ge-

81 2739 245 2816 neratim
274 2737 376 2816 Sedis
403 2738 638 2842 Apostolicae
666 2737 836 2816 inimicos
864 2738 1013 2835 refellit,
1038 2743 1076 2815 et
1103 2739 1201 2841 ipsos

80 2866 199 2942 etiam
214 2865 457 2941 Nestorianos
486 2866 575 2943 adeo
603 2865 839 2968 constringit,
863 2869 905 2943 ut
928 2867 1137 2944 necessario
1156 2866 1202 2942 ad

79 2991 307 3069 alterutrum
324 2991 536 3092 adigantur:
554 2995 596 3068 ut
612 2990 753 3067 scilicet
766 2996 832 3068 aut
848 2991 965 3086 libris,
985 2992 1196 3086 ritualibus,
1258 3085 1266 3094 .

78 3116 301 3210 canonibus,
322 3116 593 3218 maioribusque
623 3116 699 3193 suis
731 3115 950 3213 valedicent,
975 3121 1051 3212 aut,
1085 3142 1132 3193 ne
1158 3117 1199 3193 in

76 3243 375 3319 contradictione
415 3268 499 3320 cum
536 3243 743 3344 semetipsis
778 3243 919 3319 diutius
948 3243 1194 3335 detineantur,

76 3367 257 3446 Romano
283 3365 457 3444 Pontifici
485 3366 554 3444 soli
581 3368 628 3444 B.
659 3366 765 3444 Petri
793 3366 834 3442 in
861 3366 1023 3469 primatu
1057 3390 1200 3442 succes-

20 3475 22 3496 '
75 3495 146 3569 sori
189 3491 356 3569 debitum
391 3491 509 3570 velint
547 3495 737 3595 praestare
779 3493 997 3594 obsequium
1034 3517 1077 3568 ac
1114 3493 1200 3567 obe-

20 3612 22 3700 ἓ
74 3617 274 3696 dientiam.

20 3719 22 3743 ἱ
151 3743 269 3832 Quod
294 3746 523 3844 postremum
550 3747 592 3819 ut
610 3743 682 3820 cito
704 3743 881 3820 concedat
899 3744 970 3821 Dei
997 3743 1134 3845 gratia,
1160 3747 1198 3820 et

20 3879 21 3884 ’
73 3867 180 3946 iuxta
212 3867 470 3944 ardentissima
496 3871 584 3944 vota
611 3870 749 3963 nostra,
773 3867 899 3963 faciat,
925 3873 967 3945 ut
996 3868 1035 3944 hi
1062 3867 1196 3944 fratres
1260 3934 1261 3940 ,

20 4033 22 4070 r
72 3994 199 4072 nostri
228 3993 393 4095 separati
412 3994 459 4070 ad
478 3993 707 4072 Catholicam
725 3995 907 4072 unitatem
915 3993 1197 4097 ,quamprimum

20 4208 22 4230 ἑ
75 4121 327 4214 adducantur,
358 4119 516 4213 vestris,
548 4119 861 4221 praestantissimi
888 4145 932 4198 ac
959 4119 1198 4198 urbanissimi

20 4233 22 4306 l
74 4246 265 4341 lectores,
285 4244 512 4322 ferventibus
539 4245 584 4323 ad
597 4247 743 4323 Numen
766 4246 1103 4349 supplicationibus,
1129 4271 1198 4346 ap-
