3056 4756
588 196 788 263 -127-

190 323 365 412 Ephraem
388 344 449 390 seu
472 323 621 411 Epraem
645 327 709 389 aut
735 321 910 411 Apraem,
940 323 1089 412 Magnus
1117 326 1153 390 et
1177 320 1243 408 Sy·
1260 327 1470 450 sy-ilsiihhihm
1520 367 1521 422 ,

124 454 244 498 rorum
275 430 444 519 propheta
470 429 747 518 cognominatus,
772 429 889 498 Nisibi
912 435 1029 513 natus,
1054 428 1121 496 fide
1146 427 1244 494 Chri-

124 539 265 622 stiana,
294 542 330 604 et
356 537 556 605 litterarum
591 537 794 604 educatione
823 559 844 602 a
872 536 908 604 S.
934 536 1062 605 Jacobo
1093 535 1244 624 ejusdem

124 645 329 734 Metropolis
358 643 529 734 Episcopo
562 645 634 712 fuit
661 645 862 714 institutus.
888 645 943 714 Ibi
969 645 1075 714 ¹etiam
1099 644 1136 711 in
1159 643 1244 712 cele·

125 753 275 822 berrima
291 752 419 820 Schola
436 751 644 841 magistrum
663 753 739 842 egit
764 753 956 844 usquedum
978 753 1144 820 Edessam
1168 774 1245 840 pro-

125 863 241 930 fectus
272 861 355 928 fuit.
385 860 558 928 Carminis
589 861 827 950 heptasyllabi
864 863 937 929 fuit
971 861 1162 950 Epraemus
1192 859 1244 928 in-

125 976 261 1052 ventor,
281 969 374 1036 siout
386 968 565 1038 Nersaeus
589 967 823 1058 hexasyllabi,
842 969 958 1037 etalii
978 969 1138 1036 aliorum.
1155 969 1245 1057 Ejus
1281 963 1286 972 ’

124 1099 230 1166 opera
254 1075 393 1164 syriace
417 1077 549 1165 scripta
572 1075 660 1144 satis
682 1083 765 1144 nota
789 1081 873 1144 sunt
895 1099 935 1144 ex
960 1099 1077 1144 eorum
1094 1075 1245 1144 editione

124 1184 334 1252 Romanuin
351 1184 383 1252 3.
403 1184 652 1268 voluminibus,
671 1188 706 1252 et
722 1207 764 1250 ex
779 1184 885 1252 Codd.
897 1184 1014 1253 Vatia.
1034 1182 1138 1272 apud.
1153 1182 1190 1252 J.
1206 1183 1243 1252 S.

124 1293 261 1359 Assem.
280 1291 485 1381 praesertim
509 1291 702 1376 recensitis,
721 1293 759 1358 in
774 1291 815 1358 Β.
831 1292 870 1358 Ο.
885 1298 913 1360 t.
929 1291 960 1359 1.
980 1291 1095 1358 Unum
1120 1291 1245 1358 solum·

125 1400 226 1468 modo
250 1400 395 1468 addam:
421 1399 573 1489 plurima
602 1398 717 1467 adhuc
747 1399 914 1468 latescere
938 1400 974 1466 in
998 1398 1246 1488 Mesopotamia

124 1515 159 1578 et
175 1508 275 1590 alibi,
286 1507 324 1574 in
336 1506 595 1596 manuscriptis,
606 1505 713 1595 hujus
728 1507 764 1574 S.
779 1506 939 1574 Doctoris
952 1507 1242 1575 elucubrationes.

124 1617 224 1684 luter
240 1620 355 1684 cetera
371 1613 444 1702 jam
459 1613 579 1682 inveni
595 1613 671 1702 ejus
684 1613 847 1682 Carmina
860 1613 943 1682 XII.
955 1613 993 1680 in
1000 1614 1024 1681 J
1026 1615 1142 1703 oeeph,
1158 1637 1245 1704 quae

124 1729 228 1791 tanta
239 1722 418 1810 elegantia
428 1729 464 1790 et
477 1728 549 1789 tam
564 1722 718 1789 mirabili
738 1723 857 1811 gratia
879 1728 962 1790 sunt
978 1723 1188 1811 conscripta,
1205 1726 1247 1789 ut

126 1831 276 1899 maxime
294 1829 342 1897 sit
359 1830 589 1919 exoptandum
606 1851 647 1896 ea
662 1831 874 1922 quamcitius
890 1830 962 1899 luci
978 1837 1013 1898 et
1029 1830 1244 1908 Litterarum

125 1939 359 2028 syriacorum,
384 1960 447 2006 nec
470 1961 538 2004 non
563 1936 598 2005 S.
618 1927 871 2026 Archeologiae
887 1945 922 2006 et
937 1937 1157 2026 Philologiae
1173 1944 1245 2005 stu·

127 2047 238 2115 diosis
255 2045 418 2112 donatum
436 2045 494 2112 iri.
511 2045 609 2127 Quod
626 2051 742 2114 autem
755 2045 835 2136 jure
852 2068 914 2135 pro
938 2045 1112 2114 sententia
1135 2067 1156 2111 a
1178 2044 1245 2114 Nc·

126 2153 295 2223 storianis
319 2161 458 2242 recepta
474 2154 522 2221 sit
538 2175 559 2220 a
573 2153 672 2221 nobis
688 2154 792 2222 Pater
808 2153 875 2221 iste
892 2153 1006 2243 Syrus
1030 2153 1182 2235 allatus,
1209 2151 1245 2218 in

126 2267 248 2328 nostro
273 2261 450 2350 opusculo,
478 2260 581 2330 facilc
604 2261 802 2330 evincitur}
827 2261 968 2330 Etenim
983 2259 1185 2329 Nestoriani
1208 2259 1245 2326 in

6 2423 7 2428 ,
124 2367 244 2436 Officio
266 2367 397 2437 Divino
420 2367 549 2456 passim
584 2368 665 2436 dum
699 2368 866 2438 Doctores
898 2391 978 2436 suos
1010 2389 1135 2457 syros,
1161 2388 1246 2458 quos

124 2475 271 2546 Graecis
287 2480 475 2566 opponunt,
495 2480 760 2544 commemorant
776 2482 813 2544 et
828 2477 1004 2560 invocant,
1020 2476 1057 2544 S.
1071 2475 1245 2566 Ephraem

125 2605 315 2676 numquam
337 2607 404 2651 non
429 2585 540 2674 primo
563 2584 649 2669 loco,
677 2584 877 2674 cognomine
901 2585 1031 2673 magni,
1049 2591 1085 2652 et
1108 2607 1170 2653 oeu
1194 2607 1246 2652 ce·

122 2699 276 2762 tenorum
302 2693 499 2783 Principem
522 2692 680 2762 laudant.
707 2693 836 2760 Eodem
860 2717 1004 2782 prorsus
1028 2693 1138 2777 modo,
1162 2691 1246 2760 licet
1326 2751 1329 2756 .

122 2797 237 2890 saepe'
256 2800 413 2890 injuria,
443 2824 506 2890 pro
538 2823 600 2868 suo
624 2800 753 2869 tuendo
783 2823 922 2884 errore,
953 2802 1067 2892 ipsius
1093 2800 1244 2868 auctori-

120 2913 232 2976 tatem
255 2907 444 2998 scriptores
467 2909 669 2978 Nestoriani
696 2908 864 2996 allegant.
896 2909 997 2978 Certe
1023 2909 1108 2999 Syri
1132 2908 1245 2976 nostri

121 3017 208 3107 qui,
238 3016 282 3082 ab
309 3014 470 3098 haeresi,
496 3013 707 3098 nestoriani,
733 3021 769 3082 et
799 3016 964 3083 emundi
991 3016 1115 3105 plaga,
1143 3037 1244 3106 quam
1280 3043 1283 3047 ·

62 3190 64 3193 ,
121 3123 295 3206 incolunt,
321 3145 342 3189 a
365 3123 481 3192 Nisibi
500 3129 535 3190 et
550 3123 657 3209 infra,
684 3123 880 3192 Orientales
893 3123 1128 3212 appellantur,
1144 3121 1246 3190 nulla

121 3255 288 3324 umquam
312 3231 385 3298 alia
408 3231 697 3316 denominatione,
717 3255 818 3324 quam
844 3254 1019 3321 syrorum,
1038 3253 1118 3298 suos
1137 3253 1245 3319 usque

6 3399 7 3404 ,
120 3342 293 3424 doctores,
320 3363 485 3431 suamque
509 3340 592 3408 item
617 3341 850 3430 designarunt
872 3339 1049 3428 linguam,
1075 3362 1163 3430 quae
1193 3362 1245 3407 ee·

119 3455 237 3517 terum
263 3447 379 3515 eadem
410 3452 465 3515 est
495 3471 572 3516 cum
600 3469 760 3516 aramaea
782 3451 818 3516 et
840 3447 1030 3516 Chaldaioa
1061 3471 1122 3516 seu
1147 3470 1244 3536 syro-

120 3555 306 3624 chaldaica
324 3555 385 3643 (1).
403 3555 573 3646 Equidem
591 3555 712 3644 Syros,
731 3562 767 3624 et
784 3542 867 3645 syro
886 3579 1039 3634 sermone
1057 3556 1245 3645 scriptores

120 3685 240 3730 omnes
256 3663 443 3752 recipiunt,
455 3663 530 3728 sive
550 3662 746 3748 orthodoxi,
758 3663 832 3732 sive
848 3663 1052 3748 nestoriani,
1071 3668 1145 3731 tum
1162 3670 1245 3732 ante

6 3765 7 3826 3
121 3778 198 3839 tum
229 3777 308 3860 post
338 3769 607 3839 Nestorianismi
635 3779 747 3838 ortum
777 3771 834 3838 illi
864 3770 1066 3854 floruerint,
1093 3771 1246 3862 exceptis

6 3855 11 3902 ι’
120 3879 336 3948 solummodo
361 3879 418 3963 iis,
435 3879 496 3970 qui
521 3877 706 3947 manifeste
729 3879 993 3970 monophysitae
1016 3879 1243 3948 exstiterunt.

121 3987 224 4070 Quod
241 4009 335 4072 sane,
355 3987 398 4056 ad
415 3993 573 4055 nostrum
587 3985 623 4055 S.
639 3987 820 4056 Ductorem
845 3986 934 4078 quod
959 3991 1104 4078 spectat,
1120 4009 1159 4055 eo
1176 4005 1244 4053 ma·

121 4141 313 4153 -Μ

194 4220 239 4299 (1)
249 4226 289 4278 De
300 4239 353 4292 quo
365 4227 530 4288 argumento
542 4222 631 4275 lusius
643 4223 716 4303 alias
728 4225 757 4276 ct
766 4223 933 4291 praesertim
944 4224 1022 4278 intra
1032 4211 1242 4292 inAppendJI.
