3036 4750
753 207 797 222 ..
818 169 865 239 40
885 210 931 223 -

281 299 425 389 politum
446 297 634 368 instituat:
662 296 746 388 quia
768 296 963 388 superiori,
988 277 1057 364 non
1078 295 1176 386 pari,
1201 295 1286 365 licet
1311 296 1401 365 infe-

161 473 163 478 .
279 406 367 475 riori
383 407 566 477 concedere
581 405 740 497 gradum.
759 405 944 474 Ordinatio
962 403 1081 496 itaque
1095 403 1401 495 Metropolitarum

278 520 314 582 et
325 514 493 605 perfectio
504 514 755 605 Episcoporum
772 513 817 582 ad
831 511 1074 582 Patriarcham
1086 513 1251 602 pertinet.
1267 539 1284 576 n
1302 512 1399 582 Huc-

277 644 386 714 usque
410 621 613 692 Timotheus
636 622 673 690 in
696 620 858 711 praefata
872 619 1045 712 Epistola.
1058 619 1083 688 J
1083 642 1234 706 cmvero,
1250 625 1292 689 ut
1308 641 1399 711 qnae

277 729 322 797 ad
344 753 417 798 rem
439 734 595 798 nostram
618 751 687 798 non
710 727 849 800 faciunt
863 729 1040 814 omittam
1059 729 1225 820 quaedam
1241 727 1398 796 animad-

277 837 445 908 vertenda
467 837 636 909 videntur
658 835 768 906 relate
792 835 995 906 adRomani
1018 835 1246 906 Patriarchac
1268 836 1399 926 prima-

277 947 364 1030 tum,
383 945 427 1014 ad
449 943 515 1012 illa
531 945 638 1013 verba
662 941 809 1012 «Canon
824 967 907 1014 vero
922 943 1194 1014 Ecclesiasticus
1209 939 1396 1034 praecipit,

204 1135 208 1145 ι
276 1057 318 1120 ut
339 1051 488 1121 inferior
511 1057 633 1142 pareat
656 1051 849 1142 Superiori:
863 1051 912 1120 Et
935 1051 986 1121 sic
1008 1053 1051 1119 ab
1067 1051 1224 1120 omnibus
1239 1050 1399 1120 obedien.

275 1159 329 1228 tia
350 1159 560 1230 terminatur
583 1161 621 1228 in
644 1161 772 1230 Romae
795 1160 1051 1248 Patriarcham;
1075 1159 1150 1251 ipse
1172 1160 1263 1228 enim
1287 1159 1399 1228 Simo·

276 1266 332 1360 nis
354 1267 452 1336 Petri
473 1266 587 1336 locnm
610 1267 788 1338 obtinetn.

341 1374 391 1444 Et
417 1374 451 1443 1.
479 1374 711 1444 Doctissimns¹
740 1375 799 1444 hio
825 1374 1033 1444 Patriarcha
1059 1375 1103 1444 ad
1127 1377 1302 1464 vigentem
1322 1363 1400 1463 jam

277 1480 500 1572 disciplinam
524 1481 810 1568 confirmandam,
836 1482 972 1551 axioma
995 1483 1139 1553 invocat
1160 1483 1321 1572 generale
1345 1483 1400 1550 di·
1482 1492 1488 1511 ¹

276 1589 660 1661 vino-ecclesiasticum:
676 1591 766 1682 quod
781 1613 901 1682 nempe
916 1591 1061 1684 quisque
1083 1591 1230 1660 inferior
1250 1613 1317 1660 suo
1339 1591 1399 1660 de·

275 1698 357 1766 beat
379 1698 553 1789 superiori
584 1700 723 1769 subesse
746 1705 782 1769 et
803 1722 937 1791 parere.

340 1807 374 1876 2.
400 1807 502 1894 Dein,
527 1813 563 1878 et
585 1813 845 1900 consequenter,
871 1808 1083 1898 generaliter
1105 1814 1142 1877 et
1164 1807 1320 1876 absolute
1344 1807 1399 1874 af-

274 1913 391 1982 firmat
412 1937 528 1984 omncs
551 1915 673 1986 debere
688 1917 842 1986 Romano
861 1915 1088 1986 Patriarchae
1111 1937 1248 2008 parere,
1274 1919 1399 2006 utpote

277 2020 428 2091 omnium
451 2022 636 2113 superiori.

341 2128 376 2197 3.
400 2127 569 2218 Ejusdem
592 2153 674 2201 vero
697 2153 892 2222 supremam
915 2132 1042 2201 asserit
1060 2131 1228 2200 exsistere
1243 2130 1397 2226 auctori-

276 2241 397 2322 tatem,
416 2237 472 2306 uti
495 2243 664 2325 centrum,
678 2239 716 2308 in
733 2239 824 2330 quod
847 2239 1009 2326 omnium,
1024 2239 1100 2330 ipso
1111 2239 1239 2331 'utique
1254 2239 1400 2308 inferio·

274 2367 363 2430 rum,
390 2345 636 2438 cujuscumque
659 2345 791 2436 gradus
813 2347 897 2432 sint,
925 2349 1129 2414 terminatur
1154 2347 1364 2416 obedientia.

340 2450 375 2518 4.
400 2450 499 2521 Hano
515 2457 631 2520 antem
646 2451 892 2522 auctoritatem
908 2476 1026 2522 veram
1041 2475 1116 2522 esse
1132 2457 1167 2523 ct
1179 2451 1400 2542 jurisdictio-

274 2557 341 2646 nis;
363 2558 525 2650 quoniam
548 2558 590 2628 de
613 2559 808 2629 obedientia
830 2560 1041 2649 praestanda
1063 2561 1194 2652 agitur.

341 2665 374 2732 ὅ.
399 2665 509 2756 quue
524 2665 612 2752 ideo,
630 2666 713 2758 quia
727 2666 841 2734 locum
854 2667 952 2736 Petri
960 2668 1207 2758 Apostolorum
1220 2668 1398 2760 Principis

144 2817 146 2822 .
275 2776 311 2840 et
332 2769 512 2840 Ecclesiae
535 2772 672 2862 capitis,
699 2773 834 2842 obtinet
854 2774 1029 2843 Romanus
1053 2776 1120 2844 iste
1144 2775 1367 2845 Patriarcha.

341 2878 373 2947 6.
392 2879 607 2971 Proindeque
630 2880 722 2949 nulli
745 2880 783 2948 in
806 2867 965 2952 Ecclesia
986 2884 1153 2974 potestati
1185 2883 1286 2953 debet
1319 2883 1397 2974 ipse

241 3060 245 3066 ,
271 2984 413 3074 subesse
435 2985 612 3054 Romanus
635 2985 811 3074 Pontifex,
830 2993 951 3079 utpote
968 2994 1124 3059 centrum
1140 2990 1253 3059 omnis
1274 2997 1394 3061 auoto-

154 3099 161 3127 ⁸
273 3091 407 3186 ritatis,
425 3097 462 3160 et
474 3115 656 3183 supremus
672 3093 833 3164 antistes.

340 3198 373 3268 7.
406 3198 619 3288 Hujusmodi
649 3223 732 3270 vero
761 3202 909 3271 Romani
938 3203 1168 3291 Patriarchae
1197 3203 1397 3275 auctoritas

275 3327 345 3373 non
361 3328 403 3376 ex
419 3303 571 3378 hnmana
592 3310 779 3399 repetenda
793 3316 849 3380 est
863 3310 1099 3399 institutione,
1118 3319 1181 3382 ant
1196 3334 1324 3383 canone
1341 3337 1396 3385 cc-

275 3411 484 3500 clesiastico,
510 3414 571 3484 sed
594 3438 636 3486 ex
660 3416 780 3488 divino
800 3417 881 3507 jure
904 3420 946 3488 ob
968 3420 1066 3490 Petri
1089 3420 1353 3490 successionem.

340 3520 462 3614 Neque
485 3523 600 3593 obstet
623 3524 713 3616 qnod
735 3523 811 3615 ipsc
835 3524 1039 3596 Timotheus
1068 3549 1232 3598 canonem
1254 3529 1398 3598 invocet

273 3627 547 3699 ecclesiasticum
570 3631 615 3699 ad
630 3631 948 3703 subordinationem
964 3635 1002 3704 in
1010 3634 1171 3706 Ecclesia
1187 3637 1394 3706 confirman-

274 3733 364 3822 dam,
383 3733 583 3808 huiusmodi
606 3739 698 3808 enim
715 3761 878 3810 canonem
890 3765 959 3812 non
974 3744 1088 3814 veluti
1104 3745 1216 3834 legem
1239 3743 1396 3836 aliquam

274 3841 545 3914 eeclesiasticam
566 3845 755 3937 positivam
772 3848 916 3939 allegat,
932 3851 991 3920 sed
1007 3852 1063 3921 nti
1079 3852 1237 3942 regulam
1249 3858 1285 3922 et
1295 3853 1394 3944 prin·

273 3949 415 4040 oipium.
434 3951 553 4046 Neque
577 3976 664 4046 quae
696 3953 738 4024 de
767 3953 920 4026 Romano
943 3958 1152 4030 Patriarcha
1179 3948 1320 4045 asserit,
1347 3982 1391 4027 ex

271 4056 455 4128 verborum
479 4061 579 4148 serie,
599 4061 856 4153 quasioauone
874 4064 1143 4164 Ecclesiastico,
1170 4066 1296 4137 saltem
1319 4088 1395 4158 spe·

269 4163 367 4251 ciali,
393 4167 553 4238 stabilita
582 4175 763 4260 apparent,
791 4171 966 4244 Timothei
988 4175 1173 4246 sententia.
