3056 4756
760 215 1024 343 -1004

272 391 398 484 ‘cepto
421 411 495 460 sno.
510 427 554 445 -
569 389 692 472 Patres
715 389 852 482 quidem
875 391 989 462 nostri
1011 389 1199 462 orientales
1221 413 1418 464 omnee'eos

301 485 420 592 qui'ah
435 497 594 569 Ecclesia
608 498 763 567 Romana
785 497 999 585 defecerunt,
1018 487 1415 589 excommunicaverunt,
1522 489 1523 538 3

300 613 337 676 et
351 605 455 675 simul
471 629 585 676 omnes
601 593 858 676 conculcatores
868 609 1047 696 praecepti
1061 608 1202 678 Domini
1212 609 1339 700 Papae,
1355 610 1417 703 qni

300 719 353 782 est
366 713 441 784 loco
456 712 493 782 S.
504 713 613 799 Petri,
623 713 1113 802 FundamentiEcclesiarum,
1128 723 1164 787 et
1178 716 1311 810 Capitis
1324 717 1417 810 Apo·

225 907 232 916 ν
299 811 500 889 stolorum.»
525 817 550 888 J
551 841 688 889 amverc
705 820 910 914 quicumque
932 821 1018 892 haee
1041 823 1193 916 perlegit
1212 811 1418 914 persuasum

298 925 421 998 habet:
446 925 563 997 Eliem
585 933 621 996 et
643 950 735 1012 snos,
753 929 906 997 eomodo
930 929 1131 1016 scribentes,
1146 955 1209 1023 pro
1224 939 1320 1028 certa
1336 951 1417 1029 sup·

298 1035 455 1127 posuisse
478 1035 685 1105 sententiam
700 1035 919 1106 Inerrantiae
934 1038 1082 1107 Romani
1094 1039 1287 1127 Pontificis,
1301 1062 1346 1110 ex
1361 1061 1417 1111 ca-

297 1143 423 1215 thedra
446 1142 614 1230 docentis,
632 1145 670 1213 in
686 1145 789 1214 rebus
811 1143 914 1215 Fidei
937 1145 996 1216 vel
1017 1169 1161 1217 morum.

785 1365 817 1446 a·
833 1359 918 1430 XII·
1013 1441 1015 1443 ,

71 1583 284 1710 ,fflfflfflssff
361 1579 439 1651 Non
461 1579 576 1649 minus
599 1578 693 1649 clare
715 1578 783 1649 etsi
806 1578 950 1649 brevius
973 1579 1125 1670 idipsum
1148 1578 1336 1651 confitetur
1359 1579 1417 1652 Si·

72 1711 393 1763 nuessanum-meon
415 1687 702 1759 Nestorianornm
724 1685 933 1756 Patriarcha
955 1687 993 1755 iu
1015 1709 1067 1772 ea,
1094 1709 1196 1780 quam
1219 1709 1262 1756 ex
1284 1687 1416 1760 finibus

72 1775 284 1890 {qffmffffiwss
297 1795 451 1867 Persidis
473 1796 574 1865 Rom.
588 1794 690 1863 Pont.
709 1818 765 1863 an.
782 1795 871 1863 1770
893 1795 1037 1888 scripsit
1058 1794 1232 1886 Epistola.

72 1903 202 2017 {baffi
203 1903 285 2017 3²:1⁰5:
362 1904 418 1972 Ibi
440 1903 531 1973 enim
553 1903 692 1973 asserit:
711 1904 840 1994 Papam
866 1927 970 1974 nesse
988 1905 1127 1974 Petrum
1150 1905 1208 1974 sui
1230 1905 1412 1996 temporis,

71 2027 163 2080 oenus.
296 2017 470 2082 tenentem
492 2016 528 2080 et
550 2012 801 2101 gubernantem
831 2011 1032 2082 cathedram
1054 2013 1226 2082 excelsam
1249 2013 1415 2082 christia·-
1522 2043 1523 2102 3

296 2120 422 2190 nitatis
447 2119 670 2204 orthodoxae,
695 2125 800 2210 caput
817 2120 970 2191 omnium
985 2121 1129 2192 Petrum
1151 2121 1226 2191 loco
1241 2120 1413 2191 christis

296 2227 423 2298 Paucis
447 2227 605 2321 equidem
627 2228 763 2298 indicat
785 2229 987 2300 Pontificem
1009 2230 1200 2299 Romanum
1230 2236 1347 2301 tenere
1377 2237 1416 2301 et

297 2338 493 2428 gnbernare
516 2337 716 2406 cathedram
739 2337 914 2424 veritatis,
935 2360 1016 2430 qua,
1034 2339 1072 2408 in
1094 2340 1162 2408 fide
1185 2344 1222 2408 et
1244 2340 1411 2426 moribus,

296 2443 436 2538 regitur
454 2449 531 2514 tota
545 2444 809 2534 christianitas
828 2468 902 2515 esse
924 2447 1068 2538 insuper
1087 2447 1206 2538 Ipsum
1222 2453 1328 2538 eaput
1348 2447 1414 2516 Pa·

295 2553 553 2623 trumomnium
568 2554 737 2622 absolute:
760 2553 850 2650 quod
872 2555 1017 2644 proinde
1040 2555 1320 2646 intelligendum,
1336 2555 1414 2628 sive
1522 2621 1523 2666 ,

296 2659 465 2753 dispersi,
491 2661 566 2730 sire
588 2660 625 2728 in
650 2659 804 2730 Concilio
831 2659 903 2730 sint
926 2661 1082 2749 collecti;
1107 2652 1271 2747 Domum:
1296 2661 1414 2753 ipsum
1522 2675 1523 2708 i

296 2769 438 2838 Petrum
455 2768 632 2838 viventem
647 2767 825 2857 exsistere,
845 2769 959 2854 immo,
978 2770 1052 2839 loco
1066 2769 1210 2855 Christi,
1232 2769 1414 2842 Ecclesiae
1522 2761 1523 2784 *

296 2875 554 2946 moderatorem:
572 2875 695 2966 utique
719 2879 762 2946 ab
783 2863 1057 2954 eddemCh'risto
1076 2876 1327 2948 communicata
1343 2878 1414 2947 sibi

294 2983 462 3057 firmitate
495 2989 531 3052 et
561 2982 755 3054 inerrantia
776 2983 814 3056 in
837 2985 1009 3056 doctrina.
1036 2985 1156 3056 Palem
1184 2986 1410 3072 adamussim,

297 3091 376 3184 quis
392 3083 497 3161 bonae
512 3089 594 3160 fidei
610 3089 668 3161 vir
683 3114 750 3160 nou
767 3092 865 3162 videt
887 3112 966 3162 esee·
981 3095 1163 3164 verborum
1178 3093 1331 3184 praefati
1347 3091 1413 3163 Pa·
1522 3189 1523 3192 Ἴ

296 3197 474 3275 triarchas
497 3219 615 3270 veram
637 3198 971 3290 interpretationem,
990 3217 1051 3274 eeu
1074 3199 1340 3294 paraphrasim?

796 3414 950 3502 enm.
1026 3399 1027 3402 ‘

73 3644 285 3710 remumque·
361 3630 461 3704 Elias
477 3653 583 3724 supra
598 3631 648 3722 (1)
664 3631 841 3718 laudatus,
859 3635 901 3704 de
917 3633 1028 3724 stirpe
1039 3630 1269 3718 Bar-Mamas,
1287 3631 1412 3704 Nesto·

74 3713 130 3823 iffi
147 3724 286 3836 0?ssssssss
296 3735 475 3823 rianornm
487 3740 524 3809 in
535 3739 699 3832 Assyria,
710 3740 906 3832 Babylonia
918 3741 1070 3834 alibique
1082 3740 1298 3812 versantium
1307 3731 1412 3812 Prae·

75 3835 353 3954 {Qoffffinffqlffiees
382 3856 418 3920 et
439 3849 645 3919 Patriarcha
668 3849 712 3918 ad
735 3849 961 3919 Benedictum
983 3849 1082 3919 XIV.
1107 3847 1277 3932 scribens,
1304 3847 1355 3917 sic
1378 3853 1415 3918 et

75 3965 179 4024 sompm.
274 3973 275 3979 ’
299 3957 394 4028 hisce
415 3957 534 4027 titulis
556 3980 633 4028 eum
656 3957 849 4049 alloquitur
871 3945 998 4026 «Patri
1014 3958 1169 4043 Petrum,
1186 3961 1222 4026 et
1236 3955 1340 4025 Petro
1355 3976 1412 4024 ae·

300 4065 387 4134 tatis
408 4071 557 4152 nostrae,
573 4065 634 4159 qui
646 4070 745 4152 ¹tenet
760 4070 795 4134 et
813 4066 987 4156 gubernat
1008 4064 1207 4135 cathedram
1230 4063 1413 4135 sublimem

371 4267 414 4374 (r)
432 4298 461 4354 o.
477 4300 504 4355 a.
519 4297 543 4363 s.
556 4300 619 4356 xr.
