3036 4750
772 251 950 320 -46-

369 377 450 465 Ubi,
468 377 560 448 siout
582 376 742 468 superius
758 377 821 467 (1),
840 377 968 448 iterum
984 379 1261 468 animadvertas,
1278 405 1420 476 quaeso,

304 511 373 558 non
394 486 588 556 necessario
610 485 743 572 induci,
772 509 859 578 quae
881 487 925 554 ab
947 487 1128 578 Apostolis
1151 488 1319 560 dicuntur
1342 515 1422 562 con·

305 596 444 680 stituta,
459 594 590 664 idcirco
614 594 784 680 absoluta,
810 593 954 664 humani
977 618 1038 665 seu
1069 597 1299 668 ecclesiastici
1325 600 1422 690 juris

304 726 379 774 essa
401 701 557 772 dicanda.
583 701 794 771 Praesertim
817 725 900 772 varo
923 726 1030 795 quum
1061 703 1103 772 de
1126 726 1164 773 re
1187 711 1336 794 agatur,
1364 710 1422 777 uti

304 813 390 882 haec
412 815 595 900 estsuper
618 810 752 878 factum
774 810 963 879 humanum
987 810 1148 896 fundata,
1163 835 1230 904 quo
1255 813 1349 884 facto
1361 839 1422 906 po-

306 922 386 1006 sito,
404 917 519 989 divini
541 917 639 987 illico
661 919 823 1009 exsurgit
843 917 938 1008 juris
960 919 1132 1009 possessio
1146 925 1182 989 et
1201 921 1330 992 virtus.
1353 923 1417 991 Et-

305 1028 397 1098 enim
418 1027 567 1096 Romani
589 1025 769 1095 Pontificis
791 1027 974 1116 primatus,
993 1048 1036 1094 ex
1052 1048 1092 1095 eo
1116 1028 1206 1119 quod
1229 1029 1267 1097 in
1290 1053 1424 1101 succes-

305 1135 401 1204 sione
427 1133 466 1202 in
495 1131 696 1201 cathedram
726 1132 825 1201 Petri
855 1132 1046 1218 consistat,
1070 1134 1228 1226 quodque
1257 1135 1423 1207 Christus

304 1242 409 1311 Petro
430 1239 667 1332 principatum
690 1239 829 1309 dederit
841 1240 879 1309 in
894 1240 996 1310 finem
1019 1242 1235 1312 saeculorum
1255 1247 1423 1334 perdura-

305 1360 436 1434 turum,
462 1348 567 1440 inque
591 1370 806 1417 successores
837 1371 918 1417 suos
947 1349 1280 1437 transfundendum,
1307 1352 1425 1424 divini

305 1459 427 1549 utique
459 1455 695 1525 institutionis
727 1480 768 1526 ac
799 1456 893 1546 juris
923 1457 1075 1526 exsistit.
1105 1459 1173 1529 Ast
1197 1461 1330 1530 factum
1354 1486 1423 1554 quo

304 1567 347 1635 B.
362 1567 489 1636 Petrus
503 1565 645 1634 Romam
660 1565 776 1656 petiit,
791 1586 932 1656 eamque
955 1587 1018 1655 pro
1042 1587 1106 1633 sua
1129 1565 1208 1634 sede
1230 1567 1425 1659 praeelegit
1458 1611 1462 1618 ·

305 1674 495 1744 humanum
524 1678 596 1761 est;
622 1672 692 1741 etsi
723 1671 848 1762 pieac
878 1671 1155 1762 probabilissime
1186 1673 1351 1744 credatur
1380 1698 1424 1744 ex

306 1781 441 1852 Christi
464 1781 684 1851 intimatione
707 1780 928 1871 dispositum.
951 1779 1099 1870 insuper
1120 1779 1215 1850 hunc
1238 1781 1295 1852 vel
1319 1781 1425 1850 illum

305 1892 435 1982 Papam
457 1913 520 1982 pro
543 1895 695 1981 tempore
711 1889 934 1959 exsistentem
950 1911 1032 1958 vere
1048 1889 1086 1957 in
1100 1889 1308 1958 Cathedram
1323 1889 1423 1959 Petri

301 1998 506 2084 succedere,
535 2001 619 2090 quia
640 1997 798 2088 legitime
820 1995 992 2082 electum,
1019 2019 1061 2065 cx
1084 1996 1234 2065 humano
1257 2002 1293 2066 et
1316 1998 1424 2068 ecole-

306 2106 449 2176 siastico
470 2111 553 2176 actu
575 2111 667 2175 certe
693 2105 871 2195 exsurgit,
897 2110 1105 2178 nouantem
1128 2105 1251 2176 divina
1273 2106 1425 2197 inspira·
1511 2177 1512 2188 ,

307 2214 401 2283 tione
425 2213 577 2304 singulis
599 2213 760 2283 fidelibus
783 2218 902 2283 notum
925 2212 979 2281 fit.

373 2321 430 2391 Ab
452 2318 632 2413 Apostolis
655 2320 768 2411 igitur
791 2321 1017 2392 determinate
1050 2320 1296 2391 declarandum
1325 2328 1424 2392 erat:
1511 2319 1512 2324 ’

307 2431 497 2500 Romanam
519 2429 712 2498 Ecclesiam
735 2450 809 2498 esse
832 2429 930 2498 Petri
953 2428 1086 2516 Sedem,
1113 2429 1151 2498 in
1174 2437 1281 2522 eaque
1304 2454 1425 2523 perpe·

309 2543 370 2608 tuo
394 2538 523 2608 durare
546 2537 701 2628 ejusdem
724 2535 932 2606 Cathedram
962 2543 998 2607 et
1020 2538 1195 2609 divinitus
1217 2539 1427 2610 institutum

306 2645 559 2736 Principatum,
585 2649 621 2714 at
644 2645 838 2713 Romanum
854 2644 997 2734 proinde
1019 2645 1228 2736 Episcopum
1255 2647 1426 2716 exsistere

308 2752 462 2844 ejusdem
485 2751 626 2822 unicum
650 2774 771 2823 verum
794 2757 831 2822 at
852 2752 1048 2843 legitimum
1080 2752 1263 2840 heredem,
1289 2761 1325 2823 et
1348 2778 1427 2826 suc-

309 2884 489 2933 cessorem.

372 2971 557 3040 Praeterea
580 2968 692 3039 multa
715 2974 800 3039 sunt
815 2969 853 3037 in
871 2969 1027 3062 antiquis
1043 2971 1232 3040 canonibus
1249 2970 1424 3057 stabilita,

307 3079 376 3165 vel,
403 3085 443 3148 ut
467 3078 590 3150 melius
613 3077 738 3163 dicam,
765 3079 978 3164 confirmata,
1005 3081 1097 3171 quas
1118 3102 1210 3165 vera,
1240 3080 1315 3148 sive
1346 3080 1429 3148 sim·

307 3185 448 3278 pliciter
463 3186 505 3253 ds
528 3185 607 3270 fide,
626 3183 701 3254 sive
717 3207 793 3253 cum
810 3185 1096 3275 disciplinaribus
1110 3184 1214 3254 mista
1230 3186 1425 3256 exsistunt.

308 3292 389 3363 Sint
407 3313 469 3384 pro
482 3291 665 3382 specimine
678 3297 765 3383 quae
779 3291 817 3360 in
829 3292 1083 3385 antiquissimis
1098 3293 1278 3383 Apostolis
1294 3293 1428 3363 adscri-

307 3401 379 3493 ptis
403 3399 590 3471 oanonibus
613 3399 899 3490 praescribuntur
922 3399 963 3469 de
987 3401 1099 3470 forma
1121 3399 1306 3491 Baptismi,
1322 3406 1360 3470 et
1383 3402 1426 3471 dc

308 3508 541 3581 canonioitate
573 3512 608 3577 et
637 3507 868 3599 inspiratione
905 3530 1081 3580 sacrorum
1111 3509 1304 3596 librorum,
1338 3532 1429 3602 quae

308 3639 383 3686 essa
406 3617 448 3686 de
470 3616 550 3702 fide,
575 3639 644 3685 non
668 3639 750 3686 vero
773 3618 815 3686 de
837 3616 1037 3707 disciplina,
1055 3617 1148 3688 nulli
1171 3617 1326 3688 dubium.
1346 3617 1428 3709 Ipsa

307 3724 407 3794 Elias
429 3730 546 3794 noster
568 3724 804 3795 Damascenus
830 3725 868 3792 in
892 3725 985 3796 calce
1007 3726 1137 3816 primae
1167 3726 1279 3817 partis
1301 3726 1427 3796 Nomo-

310 3831 451 3901 canonis
486 3831 543 3900 sni
577 3832 679 3902 fidam
715 3838 750 3901 et
783 3832 1002 3923 disciplinam
1035 3832 1227 3923 promiscua
1261 3855 1426 3918 sumens,

217 3963 221 3970 ·
311 3936 489 4008 concludit
514 3938 629 4010 «linis
652 3944 706 4010 est
728 3939 901 4031 capitum,
927 3961 1014 4030 quae
1037 3939 1080 4010 de
1103 3941 1247 4031 synodis
1271 3941 1429 4012 occiden-

378 4268 424 4350 (1)
443 4275 511 4332 Eoo.
525 4291 548 4330 o.
564 4277 589 4342 5.
604 4277 654 4332 1v.
