3046 4756
496 537 909 631 GCNGWHO

205 1647 260 1716 Eu
285 1648 509 1740 opusculum,
535 1652 606 1721 Deo
629 1653 669 1722 Ο.
691 1651 740 1723 Μ.
758 1653 966 1744 opitulante,
989 1651 1033 1723 sd
1057 1650 1260 1722 umbilicum

137 1755 303 1841 ductum,
321 1759 443 1828 Amice
472 1761 616 1846 Lector,
642 1763 732 1853 quod
763 1763 849 1830 mibi
873 1761 1033 1851 gratulor
1063 1783 1161 1850 posse
1184 1766 1260 1829 tsn-

137 1863 215 1932 dem
238 1865 307 1934 tibi
338 1868 457 1937 offerri
487 1869 600 1938 veluti
630 1894 776 1956 munus,
809 1871 846 1940 ui
877 1871 984 1938 fallor
1005 1868 1257 1959 gratissimum,

138 1974 357 2060 teterrimae,
382 1975 418 2044 in
449 2000 519 2070 qua
543 2001 742 2064 versamur,
769 1979 917 2064 aetatis,
943 2001 1097 2049 necnon
1120 1986 1259 2047 nostrae

139 2104 276 2174 quoque
298 2083 476 2154 Ecclesiae
499 2092 536 2156 et
558 2087 684 2158 Gentis
714 2086 905 2158 conditioni
935 2094 972 2156 ot
1000 2084 1179 2176 augustiis
1202 2107 1259 2176 sp·

137 2189 251 2281 prime
274 2200 519 2282 opportunum.
567 2285 570 2292 1

205 2299 256 2369 Et
278 2322 371 2386 saue,
398 2301 453 2370 uti
477 2303 603 2388 cernis,
629 2302 758 2394 duplex
780 2309 1025 2394 argumentum
1043 2302 1157 2393 ipsum
1173 2324 1258 2392 opus

137 2407 402 2499 complectitur:
427 2411 577 2482 alterum
597 2414 806 2501 primarium
828 2416 865 2484 et
881 2411 1072 2498 directum,
1099 2409 1257 2478 secunda-

136 2517 231 2582 riam
253 2522 290 2586 et
311 2515 521 2588 indirectum
544 2521 708 2591 alterum.

205 2625 362 2693 Primum
384 2627 559 2698 Romanae
582 2628 805 2719 Apostolicae
822 2626 1016 2698 cathedrae
1035 2626 1179 2718 respicit
1193 2625 1218 2696 J
1220 2650 1257 2695 c·

9 2748 13 2811 ξ
134 2732 354 2804 risdiotionis
377 2743 412 2804 et
433 2735 632 2826 Magisterii
654 2738 862 2822 Primatum,
882 2743 1053 2828 quatenus
1069 2735 1257 2805 Chaldaeo-

134 2865 215 2910 rum
231 2843 519 2914 Nestoriauorum
542 2845 717 2936 congestis
732 2845 962 2914 monumentis
981 2849 1017 2914 et
1032 2843 1254 2930 testimoniis,

135 2952 183 3020 sd
206 2951 432 3041 apostolicam
454 2959 492 3022 et
514 2953 671 3024 divinam
695 2954 933 3023 'Proditionem
962 2954 1046 3045 jugi
1072 2960 1176 3044 atque
1198 2973 1256 3020 ue·

7 3073 12 3130 t
135 3057 289 3130 cessario
319 3083 413 3130 nexu
442 3062 660 3147 referendis,
689 3063 978 3152 praescriptionis
1008 3061 1175 3150 iusuper,
1201 3059 1257 3126 uti

8 3191 9 3224 l
135 3168 251 3254 aiant,
277 3168 380 3260 Lepi·
402 3170 525 3238 habita
547 3170 683 3240 ratione
706 3167 959 3260 philosophica,
987 3168 1102 3237 fusius
1125 3169 1256 3236 tracte·

134 3282 196 3346 tur
219 3281 257 3345 et
280 3277 551 3347 demonstratur.
577 3277 644 3346 Ille
668 3277 804 3346 scilicet
827 3299 924 3346 sacer
943 3275 1180 3364 Principatus,
1199 3295 1255 3340 su·

8 3388 13 3446 l
135 3407 345 3476 promusque
368 3385 405 3453 iu
429 3386 637 3456 Universum
656 3385 791 3458 Christi
806 3385 945 3454 Domini
960 3382 1153 3453 Ecclesiam
1168 3380 1255 3448 Pou-

134 3491 306 3576 tificatus,
322 3491 423 3582 cujus
434 3493 708 3583 providentisles
721 3493 839 3576 Dotes,
852 3493 928 3578 Vis,
947 3490 1116 3574 stitutio,
1136 3510 1254 3580 quum·

8 3594 13 3625 ²
136 3621 240 3693 ‘luam
264 3621 364 3690 ⁸³0P0
387 3600 461 3670 Sissl
483 3600 595 3686 alias,
621 3624 682 3692 per
706 3607 833 3671 cuncta
855 3600 993 3670 saecula
1017 3597 1172 3683 Salutis,
1198 3597 1255 3666 de·

135 3708 291 3778 claratae
316 3711 488 3780 exercitae
510 3718 616 3803 atque
632 3711 786 3802 agnitae,
804 3710 1002 3800 nuperrime
1017 3714 1146 3790 tamen,
1163 3726 1255 3774 nova

134 3817 214 3887 luce
237 3817 452 3888 s‘Vaticana
474 3819 566 3889 Arce
589 3825 804 3902 coruscante,
823 3839 844 3883 a
860 3819 1081 3885 sacrosancta
1094 3811 1254 3880 Oecume·

134 3925 215 3994 nica
239 3925 391 4016 Synodo,
418 3927 498 4018 Ipso
521 3927 744 3997 Christi-Dei
767 3925 909 3996 Vicario
933 3921 1108 4003 Praeside,
1127 3915 1254 4007 optati·

134 4037 201 4104 bus
233 4037 393 4128 votisque
422 4036 595 4107 Catholici
626 4037 748 4122 Orbis,
778 4060 841 4107 uec
872 4059 940 4105 nou
972 4026 1254 4104 luctuosissimae

133 4143 355 4235 tempestatis
377 4149 517 4213 nostrae
539 4143 753 4230 infirmitati,
777 4143 916 4236 Spiritu
940 4137 1251 4216 SanctoAuctore,

1097 4279 1132 4335 14
