3046 4756
738 197 938 266 ..140-

254 325 384 410 getam,
406 321 444 388 in
466 343 534 391 usu
556 343 640 410 pree
663 325 790 392 ceteris
812 324 1008 394 nominibus
1031 323 1244 416 praevaluit,
1262 323 1373 393 sicuti

253 451 357 517 penes
380 429 544 519 profanos
567 435 655 516 erat,
681 430 774 520 apud
801 426 990 522 scriptores
1012 432 1264 501 ecclesiasticos
1288 455 1373 522 quo-

255 560 321 628 que
337 536 499 623 Graecos,
518 542 554 606 et
570 537 680 628 Syros
698 540 792 628 ipsos
815 542 878 627 (1).
903 541 961 610 Ad
977 541 1163 610 discrimen
1178 539 1372 630 ponendum

256 646 358 714 inter
372 645 474 714 hosce
498 645 620 735 Syros,
642 654 677 715 at
701 647 826 737 Syriae
843 649 1033 738 superioris
1049 648 1191 738 incolas,
1211 652 1374 737 respectu

256 753 300 821 ad
323 754 504 843 regionum
524 754 748 824 situationem
764 755 903 841 habito,
913 757 1109 842 Nostrates,
1125 757 1189 826 hoc
1205 763 1270 842 est,
1286 755 1375 844 Syri

257 858 428 946 chaldaei,
448 861 533 951 Syri
545 862 742 932 Orientales
758 865 905 933 fuerunt
927 865 1108 956 appellati,
1127 865 1184 934 vel
1207 864 1375 955 simplici-

257 973 311 1036 ter
327 968 536 1038 Orientales.
556 969 633 1053 Quo
649 972 797 1057 nomine,
809 993 830 1038 a
844 972 962 1042 Nisibi
974 980 1009 1042 et
1024 973 1131 1059 infra,
1154 995 1269 1041 omnes
1285 971 1376 1040 chri-

259 1076 402 1145 sticolae
425 1099 580 1146 sermone
604 1078 662 1148 vel
673 1079 761 1148 Ritu
786 1101 884 1149 sacro
909 1081 1067 1170 Syriace,
1085 1104 1158 1167 seu,
1178 1081 1268 1174 quod
1284 1080 1376 1148 idem

258 1190 323 1270 est,
342 1185 540 1270 chaldaice,
561 1186 586 1254 i.
600 1210 630 1254 e.
649 1188 834 1258 Aramaice
858 1195 998 1258 utentes
1022 1189 1372 1278 comprehenduntur.

259 1291 367 1359 Porro
378 1291 459 1360 inde
476 1315 497 1360 a
512 1294 712 1384 primordiis
728 1297 923 1388 Reparatae
940 1297 1075 1367 Salutis
1090 1299 1183 1388 apud
1203 1296 1375 1365 Christia-

260 1421 321 1466 nos
337 1399 487 1488 rejectae
503 1402 649 1472 fuerunt
665 1404 959 1494 denominationes
972 1405 1224 1474 Chaldaeorum
1240 1409 1276 1473 et
1286 1403 1375 1468 Ara·

260 1511 456 1597 maeorum;
482 1509 732 1580 Chaldaeorum
756 1513 913 1604 quidem,
940 1515 1023 1604 quia
1046 1512 1120 1602 jam
1150 1511 1215 1580 hoc
1238 1511 1377 1578 nomine

259 1614 562 1705 intelligebantur,
577 1619 712 1688 ratione
724 1621 768 1689 ad
781 1621 911 1712 primos
926 1619 1142 1706 inventores,
1154 1628 1189 1689 et
1204 1619 1242 1686 in
1258 1618 1376 1686 eadem

258 1723 470 1813 professione
482 1728 766 1814 praestantiores,
778 1733 815 1796 et
832 1728 1036 1797 celebriores
1052 1728 1186 1812 habita,
1204 1727 1242 1793 in
1253 1727 1375 1793 Astro-

258 1830 404 1916 nomiae,
414 1833 639 1924 Astrologiae
654 1840 689 1904 et
704 1835 944 1905 Divinationis
958 1837 1061 1906 Artis
1076 1821 1183 1926 periti
1200 1834 1261 1922 (2).
1281 1835 1378 1917 Quae

332 2088 377 2166 (1)
394 2093 453 2147 (tir.
467 2095 574 2149 Sozom.
589 2096 660 2148 hist.
673 2098 770 2150 eccles.
786 2099 807 2150 l.
823 2097 849 2149 6.
865 2113 887 2150 c.
904 2079 949 2150 33'.
970 2097 1149 2164 praesertim,
1162 2095 1248 2148 sicuti
1260 2094 1376 2160 ubique.

261 2183 302 2234 De
322 2184 508 2251 scriptoribus
527 2189 619 2240 autem
639 2186 721 2253 Syris
741 2203 790 2240 sau
808 2187 960 2241 chaldaeis
973 2188 1055 2239 nulle
1069 2186 1222 2240 dubitatio.
1243 2185 1316 2238 Sane
1330 2183 1378 2236 So-

262 2287 394 2326 zomenus
414 2274 519 2340 ubique
538 2274 620 2340 Syris
638 2277 788 2344 conjungit
806 2278 924 2343 Perses,
947 2292 1016 2342 quos
1036 2276 1107 2328 dicit
1126 2275 1207 2341 Syris
1226 2273 1376 2326 finitimos.

262 2362 336 2427 Ergo
356 2364 408 2416 suh
428 2364 540 2416 nomine
559 2379 690 2430 syrorum
708 2365 855 2430 iutelligit
873 2367 959 2419 etiam
975 2352 1121 2432 Assyrios,
1136 2364 1258 2417 Parthos
1277 2366 1307 2415 et
1325 2363 1379 2414 Ba·

262 2455 402 2520 bylonios.
425 2456 497 2508 Item
515 2457 704 2522 Hieronymus
722 2458 755 2508 iu
773 2458 866 2510 Isaiae
885 2459 958 2510 o.20.
982 2477 995 2503 ι
1011 2471 1099 2524 quos,
1121 2457 1172 2521 ait,
1194 2457 1306 2507 veteres
1326 2453 1381 2504 As·

225 2565 226 2568 ¹
263 2545 367 2610 syrios,
387 2559 460 2598 nunc
479 2560 531 2597 nos
543 2560 673 2598 vocamus
687 2544 772 2610 Syros
784 2547 854 2599 n-J
856 2546 968 2598 ustinus
981 2548 1002 2598 l.
1016 2546 1041 2598 1.
1059 2565 1071 2592 ιι
1085 2545 1133 2612 qui
1147 2561 1163 2596 a
1176 2542 1322 2608 Barbaria,
1336 2542 1380 2593 ait

262 2634 417 2702 Assyriis
435 2635 549 2688 Graecis
569 2635 635 2701 Syri
654 2637 838 2703 appellantur
852 2657 865 2684 n
878 2635 1058 2688 —Ammiam
1072 2635 1199 2688 Marcell.
1216 2634 1267 2686 lih.
1283 2632 1328 2683 23.
1351 2635 1382 2684 et

264 2725 374 2792 Acron,
398 2728 482 2793 atque
500 2725 678 2793 Porphyrius
698 2729 828 2780 scribunt
849 2747 861 2774 ι
882 2742 954 2793 quae
973 2742 1047 2780 nunc
1065 2725 1151 2792 Syria
1170 2725 1238 2778 olim
1256 2721 1381 2788 Assyria

265 2816 462 2868 vocabatur-
473 2815 630 2870 Herodotus
644 2818 721 2870 Hist.
735 2818 788 2871 lib.
803 2819 828 2869 7.
845 2833 868 2870 c.
884 2817 927 2871 63.
944 2817 978 2869 de
990 2815 1120 2882 Assyriis
1134 2831 1229 2881 agens,
1245 2815 1289 2866 ait
1303 2812 1381 2864 «1111

265 2924 283 2960 a
301 2907 415 2960 Graecis
436 2907 548 2974 quidem
567 2908 634 2974 Syri
653 2910 883 2976 appellabantur,
904 2925 921 2960 a
939 2908 1074 2962 Barbaria
1093 2922 1160 2959 vcro
1178 2903 1293 2970 Assyrii
1313 2906 1382 2956 sunt

265 2997 375 3050 vocati»
391 2997 466 3065 quod
479 2998 670 3052 testimonium
683 2999 803 3052 laudans
814 2998 983 3051 Eustathius
997 2999 1027 3050 iu
1038 2998 1170 3062 Dionys,
1186 2993 1275 3046 eidem
1288 2994 1382 3045 Xeno-

265 3088 383 3154 phontis
396 3104 505 3156 quoque
518 3087 693 3156 adiungit-
704 3091 835 3156 Hyginus
848 3089 906 3142 iah.
919 3087 981 3140 275.
1002 3108 1015 3135 ιι
1028 3086 1200 3153 Semiramis,
1215 3085 1266 3152 ait,
1285 3087 1384 3147 Decre-

266 3181 306 3234 tis
319 3179 380 3232 filia
397 3179 429 3232 in
448 3179 534 3245 Syria
552 3180 726 3245 Babylonem
751 3179 889 3234 condidit.
921 3179 1100 3246 Quapropter
1112 3177 1262 3230 Tatianum
1283 3174 1332 3242 qui
1352 3189 1382 3226 ae

264 3269 415 3335 Assyrium
428 3269 489 3336 ipse
503 3269 582 3335 dicit,
605 3269 733 3323 Clemens
752 3268 832 3322 Alex.
847 3273 876 3321 et
888 3267 1078 3323 'l'hcodoritus
1092 3268 1203 3334 Syrum,
1220 3265 1380 3332 appellant;

265 3359 445 3427 Epiphanius
464 3374 531 3412 vero
550 3375 610 3411 eum
629 3358 731 3424 Syrum
749 3361 808 3410 tum
828 3359 859 3410 in
878 3358 1080 3424 Mesopotamia
1099 3360 1197 3409 uatum
1217 3354 1299 3408 dicit.
1313 3352 1383 3404 Bar-

266 3451 396 3504 desauem
416 3465 526 3518 quoque
547 3449 718 3502 Edessenum
738 3449 875 3501 Eusebius
895 3447 1075 3515 Epiphanius
1089 3450 1118 3499 et
1131 3443 1317 3498 Theodoritns
1329 3441 1383 3508 Sy·

265 3555 325 3594 rum
345 3541 502 3608 appellant,
523 3541 713 3608 Hieronymus
732 3543 762 3592 ct
779 3539 953 3606 Porphyrius
975 3537 1166 3592 Bahilonium.
1193 3537 1265 3588 Sane
1284 3531 1383 3586 Arria-

265 3645 319 3682 nus
333 3630 384 3682 lib.
402 3631 427 3682 2.
443 3629 550 3696 Exped.
566 3629 647 3682 Alex.
662 3629 762 3682 scribit
777 3648 789 3676 ιι
802 3628 949 3695 Euphrate
962 3643 994 3680 ac
1004 3626 1086 3692 Tigri
1098 3624 1216 3678 mediam
1230 3619 1383 3687 Assyriam

264 3719 407 3771 contineri
419 3737 443 3785 n,
465 3719 495 3769 et
512 3719 540 3772 S.
556 3718 707 3784 Epraemus
726 3719 866 3770 Haustam
884 3717 1038 3782 Huzitam,
1061 3712 1206 3766 ePerside
1221 3709 1381 3775 oriundum,

265 3807 455 3873 Babylonium
469 3808 549 3875 dicit,
571 3812 600 3860 et
617 3808 760 3862 Nareaeus
774 3806 823 3862 SS.
837 3806 986 3874 Principes
1004 3805 1101 3870 uagos
1119 3819 1179 3858 cum
1193 3803 1307 3868 Persas,
1323 3801 1384 3852 tum

265 3896 413 3967 Assyrios,
434 3901 527 3953 vocat.

338 3993 381 4071 (2)
398 3995 457 4050 Gir.
472 3997 521 4050 cit.
533 3997 591 4050 Oic.
605 3999 625 4050 1.
644 3997 669 4050 1.
684 3996 717 4050 de
730 3996 860 4050 Divinat.
876 3994 950 4062 quod
964 3999 994 4046 et
1006 3997 1088 4048 extra
1100 3991 1321 4047 haesitationem
1333 3987 1383 4041 ad·

267 4086 446 4153 mittendum,
468 4089 498 4139 et
518 4086 617 4139 videre
643 4090 688 4140 est
709 4084 782 4154 apud
809 4085 963 4152 scriptores
982 4084 1069 4150 Syros
1089 4100 1137 4136 seu
1156 4079 1332 4147 Chaldaeos,
1355 4082 1385 4132 at

269 4203 301 4254 in
314 4202 387 4270 ipsis
400 4201 504 4256 officiis
516 4217 610 4256 eorum
622 4201 742 4256 divinis.
760 4201 820 4256 Gir.
833 4201 921 4255 etiam
932 4201 992 4253 DD.
1007 4199 1056 4254 hh.
1072 4198 1107 4255 ad
1121 4215 1216 4254 vocem
1240 4186 1383 4278 ῦηὶϋζ).
