3046 4756
708 164 752 178 -
775 124 840 193 roo
863 164 906 178 -

258 255 524 379 «Philosophia,
544 273 902 418 &swelle
944 265 1200 374 absim:
1241 275 1369 438 pisa

254 466 328 550 ait,
353 470 473 534 nostra
498 466 548 554 (1)
566 468 718 556 primam
740 490 824 557 pens
850 468 995 558 populos
1017 469 1192 536 Barbaros
1215 467 1265 555 (2)
1295 489 1371 558 pro·

254 597 375 664 gressa
406 575 521 642 fauste
551 579 626 661 est;
662 574 775 644 locum
806 600 939 667 qaoque
973 576 1053 644 dein
1084 576 1209 644 habuit
1239 574 1276 642 in
1307 575 1369 642 Po·

252 683 334 772 pulo
349 687 422 766 tuo,
442 681 563 750 diebus
585 683 754 771 Augusti.
773 709 788 745 a
815 684 922 750 Porro
947 683 1172 753 manifestum
1195 688 1250 750 est
1272 680 1372 750 hisce

254 791 370 858 verbis
392 789 601 879 Episcopum
626 791 826 859 Asiaticum
850 790 1013 859 Sardium
1037 792 1258 881 comprobare
1281 789 1373 880 quod

250 897 323 985 jam
338 897 493 966 breviter
518 897 703 987 attigimus
729 897 770 966 de
787 898 850 966 SS.
864 898 980 988 Magis
1001 899 1202 988 Evangelii,
1222 899 1263 967 do
1289 898 1371 966 Par-

253 1005 338 1090 this,
358 1004 481 1090 Medis,
507 1011 543 1073 et
567 1005 733 1074 Elamitis
755 1007 908 1076 Actuum
932 1007 1191 1096 Apostolorum;
1217 1029 1371 1074 necnon

254 1134 340 1204 quae
352 1113 393 1180 de
410 1110 638 1196 SS.Thomae,
649 1112 797 1197 Addaei,
815 1112 936 1198 Maris,
948 1114 1164 1205 aliorumque
1179 1113 1217 1180 in
1229 1113 1371 1182 Oriente

254 1219 430 1303 interiore,
460 1218 524 1286 sub
547 1218 702 1307 Regibus
730 1220 920 1305 Parthicis,
945 1221 1162 1312 Regulisque
1184 1221 1371 1289 Edessenis

156 1331 158 1334 ’
254 1335 290 1396 et
311 1327 504 1416 Adjabenis
522 1326 726 1397 constitutis
749 1329 900 1418 populis,
919 1335 1020 1398 extra
1042 1330 1234 1397 Romanum
1261 1328 1371 1418 Impe-

255 1436 359 1521 rium,
386 1441 421 1505 et
442 1435 675 1505 Barbarorum
698 1436 877 1520 vocabulo,
889 1460 1000 1558 penes
1019 1438 1190 1504 Romanos
1213 1442 1250 1506 et
1265 1435 1373 1505 (irae-

255 1567 323 1630 oos,
341 1544 607 1634 comprehensis,
626 1544 747 1612 statim
764 1543 806 1610 ab
823 1543 938 1628 initio,
953 1543 1088 1614 Christi
1104 1543 1255 1612 nominis
1269 1544 1373 1612 Prae-

255 1651 441 1722 dicatione.

686 1867 870 1935 CAPUT
902 1867 947 1935 V.

382 2051 560 2120 Ecclesiae
584 2047 830 2117 Chaldaeorum
853 2063 964 2114 statua
981 2063 1061 2137 post
1086 2063 1256 2137 acceptam

258 2163 494 2232 Christianam
516 2158 729 2246 Religionem
752 2181 857 2248 usqae
880 2156 925 2222 ad
948 2166 991 2222 3⁶¹
1018 2156 1163 2223 seculum
1191 2155 1370 2226 inclusive.

766 2375 797 2449 §-
824 2368 854 2435 Ι.

323 2560 353 2628 Ι.
372 2560 454 2627 Post
465 2559 645 2648 Abgarum
658 2557 687 2623 Ι.
703 2555 952 2640 christicolam,
966 2556 1029 2622 alii
1041 2556 1082 2624 de
1095 2555 1247 2644 ejusdem
1261 2555 1373 2645 stirpe

258 2667 491 2737 Orhoenorum
507 2667 619 2754 Reges
644 2667 790 2733 fuerunt
813 2665 980 2754 usquead
997 2686 1124 2731 annum
1141 2663 1274 2732 Christi
1289 2663 1369 2748 217,

257 2799 275 2845 e
299 2776 424 2867 quibus
447 2775 513 2843 duo
536 2773 754 2863 potissimum
769 2772 811 2838 ab
827 2770 1024 2861 Epiphanio
1047 2777 1082 2839 et
1104 2771 1272 2839 Africano
1296 2793 1372 2838 san-

258 2882 419 2966 ctissimi,
447 2881 658 2950 christianae
673 2878 855 2968 religionis
877 2877 1028 2948 cultores
1043 2878 1224 2968 Principes
1247 2901 1372 2946 vocan-

208 3027 211 3044 ν
257 2998 328 3060 tur.
357 2989 496 3059 Parthii
520 2989 644 3058 ceteris
667 2987 888 3078 regionibus,
915 2986 975 3054 ubi
999 2986 1158 3056 Ecclesia
1181 2986 1373 3056 Ohaldaiea

255 3099 327 3188 jam
350 3098 609 3182 extendebatur,
627 3103 822 3186 regnarunt
838 3118 946 3186 usque
970 3095 1013 3162 ad
1037 3117 1165 3164 annum
1190 3095 1266 3180 116,
1287 3118 1370 3186 quo,

256 3207 486 3276 Romanorum
509 3203 797 3294 expeditionibus,
823 3202 1010 3292 Imperium
1033 3203 1123 3272 illud
1146 3227 1206 3293 per
1229 3202 1371 3293 aliquod

265 3404 449 3416 *ιι-.-

329 3532 370 3606 (1)
389 3533 555 3588 Christiana
574 3534 685 3588 seilicet
703 3533 827 3599 Religio.

328 3618 371 3698 (2)
389 3624 534 3676 Neminem
552 3627 625 3679 latet
644 3623 872 3677 denominatione
883 3621 1038 3674 Barbarum
1051 3626 1081 3674 et
1092 3623 1209 3689 populos
1224 3625 1307 3676 extra
1319 3623 1371 3675 im-

259 3714 367 3782 perium
386 3715 539 3766 Romanum
558 3715 693 3780 degentes
713 3712 870 3779 generatim
889 3712 957 3763 olim
971 3710 1137 3777 significari,
1153 3715 1183 3764 et
1195 3711 1267 3778 heic,
1281 3712 1370 3764 maxi-

259 3820 310 3872 me,
331 3802 405 3871 apud
424 3805 586 3859 Melitenam
613 3802 811 3871 comprehendi
829 3801 972 3870 Assyrios,
993 3799 1125 3867 Parthos,
1146 3802 1256 3868 Persas,
1277 3799 1373 3866 Baby-

259 3895 360 3962 lonios,
381 3899 542 3962 ceterosque
562 3895 725 3962 orientales,
748 3895 797 3962 qui
817 3898 939 3960 tempore
957 3890 1078 3954 Augusti
1097 3890 1199 3944 famosi
1219 3895 1319 3957 erant,
1341 3895 1372 3943 et

257 3987 361 4054 ubique
379 3987 500 4038 Barbari
512 3987 694 4039 vocabantur.
715 3986 865 4039 Praeterea
877 3985 991 4038 aliunde
1009 3984 1117 4037 nullam
1130 3984 1190 4037 fero
1204 3983 1289 4038 aliam
1303 3999 1371 4048 gen·

259 4079 315 4127 tem
329 4079 395 4128 ante
408 4075 459 4127 hos
471 4076 548 4141 ipsos
567 4075 681 4129 christo
700 4091 800 4130 nomen
820 4075 931 4130 dedisse
952 4094 1018 4146 pree
1039 4079 1225 4132 Romanorum
1245 4074 1372 4130 subditis

259 4161 395 4214 historica
414 4165 535 4215 constat.
