3046 4756
753 165 954 234 -138-

295 292 368 361 fere
384 311 491 382 regno
506 313 569 360 suo
591 290 635 358 ab
650 289 851 361 idololatria
866 293 911 362 ad
934 291 1172 361 Christianam
1193 292 1415 382 Religionem

295 397 491 468 accessisse.
511 398 544 464 7ο
555 397 657 465 Anno
681 420 814 490 qnoque
830 397 908 466 790.
926 398 1126 488 Negranem
1147 397 1327 468 civitatem
1344 421 1415 466 ma-

296 527 411 596 gnam,
430 505 688 574 Homeritarnm
711 505 749 574 in
771 504 905 574 Arabia
931 506 1029 575 felici
1051 507 1197 596 regiam,
1217 529 1259 575 ex
1275 507 1300 576 J
1301 506 1417 576 uliani

295 613 556 702 phanastiastae
578 609 726 698 haeresi,
753 636 831 681 cnm·
854 611 908 680 13.
928 613 1083 682 ecclesiis
1107 613 1195 700 suis,
1216 615 1260 683 ad
1278 613 1416 683 Sectam
1512 607 1513 636 ¹

295 720 539 791 Nestorianam
555 719 665 788 fnisse
689 741 900 788 conversam.
940 720 974 787 8⁰
996 720 1122 789 Missos
1145 722 1188 789 ab
1212 722 1327 790 eodem
1355 721 1415 788 'Pi-
1512 705 1513 738 l

296 827 433 896 matheo
463 827 507 896 ad
538 827 807 916 praedicandum
831 827 1066 917 Evangelium
1089 829 1278 918 gentibus,
1303 835 1341 898 et
1370 829 1416 896 ad

296 935 506 1006 christianos
528 936 708 1026 regendos,
734 936 912 1027 episcopos
934 935 1016 1025 hos;
1041 937 1207 1006 nimirum
1231 937 1416 1005 Subhalie·

296 1069 391 1130 sum,
417 1043 624 1112 Jabalaham
650 1049 688 1112 et
710 1043 918 1133 Kardagnm
941 1045 978 1111 in
1002 1044 1179 1133 regionem
1208 1045 1416 1114 Ghelanita·

295 1176 372 1221 rum
395 1158 431 1220 et
453 1151 713 1236 Dilamitarum‚
731 1152 775 1220 ad
791 1173 886 1220 oram
903 1151 1038 1221 scilicet
1052 1151 1172 1242 Caspii
1186 1152 1308 1237 Maris,
1327 1174 1417 1244 quae

295 1259 469 1328 Persidem
493 1259 648 1349 respicit:
673 1259 789 1327 Eliam
813 1259 850 1327 in
873 1257 1003 1327 Mukan
1023 1260 1216 1345 civitatem,
1230 1261 1269 1329 in
1285 1261 1416 1328 finibus

295 1367 543 1436 Dilamitarum
565 1367 725 1458 positam:
750 1367 944 1437 Nareaeum
968 1369 1005 1436 in
1030 1368 1155 1437 Senam
1176 1368 1328 1437 Arabiae
1357 1391 1416 1436 ur·

296 1476 382 1544 bem:
408 1475 551 1544 Petrum
575 1475 611 1542 in
635 1475 761 1543 Jaman
784 1481 820 1544 et
843 1475 968 1561 Sanan,
995 1476 1059 1545 hoc
1089 1483 1153 1563 est,
1182 1478 1220 1545 in
1247 1477 1417 1545 Arabiam
1512 1493 1513 1498 ’

296 1583 444 1653 felicem:
464 1587 500 1652 st
514 1582 631 1652 David
654 1583 691 1650 in
715 1583 879 1652 Sinarnm
902 1607 1060 1672 regnum.
1088 1584 1121 1650 9⁰
1144 1584 1200 1653 Ab
1223 1585 1339 1654 eodem
1356 1584 1416 1651 'Pi-

295 1690 430 1759 motheo
462 1689 653 1758 Simeonem
675 1689 832 1757 Persidis
854 1689 1111 1780 Metropolitum
1138 1714 1209 1759 una
1231 1715 1310 1760 cum
1331 1690 1415 1780 Epi·

296 1798 408 1888 scopis
434 1797 666 1886 suffraganeis
686 1796 929 1885 jurisdictioni
948 1797 1182 1888 patriarchali
1196 1797 1415 1888 Babylonem-

296 1905 345 1974 sis
375 1905 573 1990 Antistitis,
599 1927 621 1971 a
644 1926 724 1997 qna,
747 1927 769 1972 a
795 1905 932 1975 saeculo
955 1906 1098 1976 ineunte
1121 1913 1230 1994 sexto,
1249 1909 1292 1977 ad
1315 1907 1415 1976 illam

296 2037 405 2104 usque
428 2014 541 2099 diem,
571 2014 792 2098 defecerant,
819 2020 856 2084 et
882 2015 927 2084 ad
959 2038 1060 2106 quam
1087 2017 1252 2086 reducere
1279 2017 1416 2086 eosdem
1512 1995 1513 2016 ¹

155 2215 156 2222 ἵ
295 2119 474 2214 praesules
497 2120 688 2210 Jesnjabus
711 2120 914 2210 Adjabenus
941 2123 1151 2193 Patriarcha
1181 2124 1350 2210 multum,
1376 2130 1417 2190 at

295 2233 441 2313 frustra,
460 2236 605 2299 conatus
621 2232 751 2315 iuerat,
773 2231 947 2320 subjectos
971 2233 1093 2302 fnisse.
1112 2232 1227 2302 Multa
1250 2234 1292 2302 de
1315 2233 1415 2302 lucu·

294 2339 511 2409 brationibus
534 2337 655 2408 eximii
670 2337 777 2425 hujus
808 2338 996 2408 Antistitis
1024 2340 1139 2426 habet,
1166 2363 1208 2409 ex
1238 2341 1415 2410 Ebediosu

296 2448 458 2518 Sobensis
487 2447 658 2536 catalogo,
677 2445 713 2514 J.
733 2447 768 2516 S.
787 2446 911 2514 Assem
926 2448 968 2516 B.
987 2447 1026 2516 Ο.
1046 2454 1074 2518 t.
1093 2449 1126 2516 3.
1155 2448 1222 2518 Sed
1246 2449 1417 2538 epistolae

295 2557 371 2647 ejus
386 2556 430 2624 ad
445 2555 642 2647 Principem
663 2554 932 2625 christianorum
948 2557 986 2624 in
1001 2557 1104 2625 India
1127 2579 1148 2624 a
1170 2556 1269 2625 nobis
1285 2557 1416 2625 citatae

294 2665 443 2734 habetur
467 2664 595 2732 mentio
618 2662 712 2753 apud
734 2663 961 2732 Benattibum
983 2656 1021 2732 in‘
1045 2686 1109 2733 sua
1126 2664 1337 2734 Collectione
1360 2687 1416 2734 oa·

293 2792 432 2856 nonum;
459 2769 544 2837 item
570 2768 688 2858 plures
719 2769 886 2860 epistolae
908 2769 986 2860 ejus
1013 2775 1154 2840 exstant
1177 2771 1214 2838 in
1238 2770 1416 2860 Synodioo
1512 2857 1513 2862 ἵ

294 2878 420 2970 Magno
444 2877 622 2946 chaldaico
645 2878 894 2968 manuscripto,
909 2879 1000 2971 quod
1019 2879 1284 2949 memoravimus
1308 2901 1418 2970 supra
1512 2913 1513 2924 .

293 2988 331 3056 in
362 2986 512 3056 articulo
539 2986 581 3056 de
606 2986 763 3076 Dadjssu
786 2987 939 3077 Synodo.
964 2987 1007 3055 In
1031 3010 1098 3080 quo
1120 2987 1243 3056 Codice
1272 2992 1417 3056 exstant

294 3096 400 3165 etiam
417 3093 511 3164 Acta
528 3093 682 3185 ejusdem
703 3118 781 3162 enm
796 3094 936 3164 Mohdio
951 3095 1124 3184 Chalipha
1139 3094 1413 3184 Disputationis:

294 3225 382 3296 quae
408 3203 533 3286 omnia,
551 3201 766 3291 perpretiosa
792 3224 873 3270 sane
889 3209 1120 3288 monumenta,
1138 3203 1267 3270 nullibi
1294 3203 1332 3270 in
1356 3203 1415 3271 Bi·
1512 3263 1513 3298 p

293 3311 476 3381 bliotbecis
491 3310 663 3398 Europae,
682 3309 805 3378 saltem
829 3310 920 3402 quod
944 3333 1006 3399 ego
1025 3311 1144 3394 seiam,
1170 3310 1413 3400 reperiuntur,
1512 3361 1513 3368 .

293 3426 329 3490 et
341 3417 549 3509 dignissima
565 3423 647 3484 sunt
659 3439 747 3509 qnae
756 3417 849 3506 juris
862 3407 993 3506 publici
1010 3417 1109 3486 fiant.
1120 3418 1216 3486 Haeo
1227 3418 1347 3508 paullo
1361 3421 1416 3487 fu-

293 3527 428 3597 eiusad
443 3526 637 3596 utilitatem
654 3525 823 3595 lectorum
844 3526 885 3594 de
905 3525 1084 3616 praeclaro
1102 3525 1166 3595 hoc
1185 3527 1278 3595 inter
1292 3525 1415 3595 Orien·
1512 3565 1513 3616 j

293 3635 383 3704 tales
394 3631 622 3705 Nestorienos
636 3633 726 3718 viro,
737 3632 943 3702 disseruisse
954 3632 1215 3722 non‘ingretum
1227 3634 1301 3703 iore
1313 3633 1414 3704 duxi.
