3036 4750
155 707 259 776 Elias
275 731 317 777 ex
332 706 653 799 Hierosolymiteno
665 710 699 781 N
699 711 951 781 estonienorum
963 711 1133 804 Episcopo
1144 714 1213 784 Dc·

90 834 272 885 mascenus
295 814 451 904 ejusdem
467 815 590 886 Sectae
605 818 830 908 Metropolite
852 841 911 890 an.
924 819 1006 890 chr.
1025 820 1103 891 893.
1122 823 1212 892 ordi·

90 929 208 1008 natus,
227 924 265 992 in
282 946 344 993 suo
366 924 605 996 Nomocanonc
628 928 828 1001 arabico.-

89 1228 184 1281 lorum
203 1227 377 1282 historiast
395 1231 629 1296 experimentum.
651 1229 729 1284 Idem
748 1232 874 1284 testatur
891 1246 947 1286 vox
964 1231 1018 1286 ills
1029 1231 1211 1300 Apostolieae

89 1316 289 1385 'l'raditionis‚
310 1322 340 1373 et
358 1321 450 1374 solius
469 1321 603 1374 veritatis
622 1321 735 1388 foetus,
757 1323 792 1375 ab
812 1323 943 1390 omnique
967 1323 1144 1377 adulationis
1163 1339 1208 1377 su·

90 1408 220 1473 spicione
240 1409 337 1462 aliena
353 1410 554 1478 Orientalium,
575 1411 716 1478 imprimis
730 1415 824 1465 autem
837 1413 998 1481 'Ihcophori
1011 1413 1130 1481 Ignatii,
1147 1429 1210 1467 sen·

8 1511 9 1520 ¹
89 1498 128 1548 eti
147 1498 265 1551 Irenaei
283 1503 313 1552 et
331 1498 432 1552 Gentis
450 1500 541 1552 totius
561 1499 847 1567 Ohaldaeo·syrorum
860 1496 911 1575 (⁶):
933 1501 1010 1555 Idem
1024 1503 1151 1569 apprime
1165 1516 1211 1555 ex-

89 1589 224 1652 postulat
252 1588 361 1642 Christi
383 1590 496 1643 Domini
515 1590 665 1658 sequitur,
687 1591 900 1659 misericordia,
923 1598 952 1645 et
974 1591 1140 1659 Sapientia,
1161 1591 1212 1659 qui

89 1675 246 1730 Later-acm
263 1677 361 1744 posuit
380 1692 466 1746 super
484 1681 591 1745 septem
610 1679 697 1732 colles
716 1673 760 1752 (l)
780 1695 869 1734 novae
884 1683 913 1734 et
926 1683 1057 1734 aeternae
1077 1682 1154 1748 Sion,
1176 1680 1213 1734 ad

89 1767 377 1832 praemonstrandum
406 1769 557 1825 veritatem
577 1773 605 1822 et
623 1770 711 1822 bonos
737 1785 827 1823 mores
846 1770 903 1838 iis,
926 1772 976 1838 qui
1001 1787 1052 1839 per
1070 1772 1211 1839 procello-

90 1873 152 1911 sum
173 1859 313 1912 Oceanum
333 1859 419 1927 hujus
437 1859 533 1926 ianui
553 1860 659 1913 saeculi
678 1860 916 1913 transvehuntur:
932 1860 993 1928 Oui,
1009 1863 1108 1929 utpote
1122 1860 1210 1913 omni·

89 1947 214 2014 potenti,
236 1947 312 2000 nihil
330 1950 376 2000 est
393 1949 580 2015 impossibile,
602 1952 632 2001 et
650 1951 744 2002 omnia
762 1948 879 2002 fortiter
901 1952 987 2018 atque
1007 1951 1136 2005 suaviter
1155 1949 1212 2004 dis·

8 2095 10 2112 ‚
89 2039 188 2104 posita
206 2038 239 2090 in
258 2038 361 2091 bonum
376 2052 490 2092 suarum
508 2041 703 2093 creaturarum
722 2039 834 2093 cedunt.
857 2040 919 2093 Non
932 2040 1060 2108 patietur
1077 2039 1211 2094 Ohristus

90 2127 258 2182 scandalum
280 2129 433 2196 pessimum
450 2145 468 2182 a
487 2128 673 2184 dilectissima
694 2146 753 2190 [sua
774 2129 889 2183 Ancilla
905 2124 946 2204 (⁰)
974 2130 1043 2185 Orbi
1071 2133 1212 2184 terrarum

89 2219 243 2286 praeberi:
271 2233 328 2272 ncn
352 2220 482 2287 patietur
502 2220 597 2273 lumen
620 2219 816 2274 OOULORUII
833 2214 876 2294 (ἃ)
901 2219 999 2272 mundi
1024 2220 1056 2274 in
1075 2221 1211 2276 tenebras

90 2305 281 2373 degenerare:
302 2323 358 2360 non
377 2308 507 2376 patietur
525 2307 592 2360 inde
613 2307 721 2376 doceri,
741 2310 789 2362 vel
809 2311 868 2362 solo
891 2310 1018 2376 exemplo
1037 2311 1067 2362 et
1084 2310 1211 2364 moribus

90 2394 276 2461 extrinsecis,
296 2393 473 2462 impietatem
492 2396 522 2446 et
534 2394 702 2462 nequitiam,
721 2393 795 2446 unde
809 2394 929 2446 decrevit
946 2394 979 2446 in
992 2397 1052 2448 toto
1064 2395 1138 2450 Orbe
1151 2412 1212 2464 pro·

89 2483 284 2552 mulgandam‚
305 2484 533 2552 proclamandum
552 2487 582 2537 et
600 2483 735 2537 tuendam
748 2500 810 2538 esse
824 2484 960 2536 Pietatem
973 2487 1003 2537 et
1015 2487 1209 2540 Honestatcm.

89 2574 168 2629 Haec
186 2577 291 2642 tamen,
312 2578 379 2628 utut
398 2575 560 2641 verissima,
581 2574 771 2628 nihilominus
791 2589 848 2627 non
868 2577 913 2627 est
929 2589 1053 2642 necesse,
1068 2579 1102 2628 ut
1117 2578 1211 2630 exclu-

89 2664 163 2718 dant
181 2665 362 2732 exceptiones
381 2667 504 2733 aliquas,
521 2664 653 2732 quamvls
673 2666 847 2732 personales,
864 2679 935 2732 quae
954 2668 1076 2732 possunt
1093 2667 1125 2718 in
1137 2667 1212 2720 Urbe

90 2757 180 2808 etiam
199 2756 298 2808 sancta
317 2757 346 2808 et
364 2754 442 2807 inter
462 2756 585 2820 sanctos,
600 2769 663 2806 cum
675 2768 810 2821 moerore,
836 2753 979 2821 conspici;
1001 2754 1212 2809 meminerimus

9 2859 10 2868 ¹
90 2845 169 2896 enim
188 2844 311 2911 oportet,
326 2857 377 2896 nos
390 2843 531 2908 mortales
545 2857 621 2909 esse,
644 2841 720 2895 etde
733 2842 796 2909 ipso
816 2841 917 2909 Oualo,
940 2845 969 2894 et
987 2858 1021 2896 ex
1041 2841 1213 2910 Angelorum

89 2937 175 2986 coetu
193 2933 288 2987 visum
308 2931 449 3000 quondam
467 2933 616 2987 Diabolum
634 2931 752 2985 cadere:
774 2935 859 2998 atque
878 2932 910 2985 in
929 2932 1030 2986 Divini
1043 2933 1132 2988 Verbi
1151 2933 1214 2988 Ool·

90 3024 171 3090 legio
189 3023 363 3091 proditorem
382 3021 555 3092 dIscipnlum
577 3023 736 3078 exstitisse.
757 3020 885 3088 Aequum
905 3037 972 3088 ergo
991 3021 1151 3090 judicemus
1169 3025 1213 3095 Ju-

91 3114 223 3170 dicium!

165 3289 210 3368 (α)
227 3293 328 3346 Recole
347 3307 419 3360 quae
438 3290 471 3345 de
489 3291 568 3345 hisce
586 3289 762 3344 documentis
782 3289 934 3345 retulimus
948 3304 1035 3357 supra
1052 3291 1093 3358 §§.
1104 3290 1143 3345 11.
1157 3289 1211 3344 ΠΙ.

165 3378 209 3458 (⁶)
227 3382 328 3436 Matth.
345 3383 379 3436 V.
401 3381 443 3449 14,
460 3380 504 3448 15,
521 3380 565 3433 16.
585 3381 657 3434 liar.
671 3381 721 3434 IV.
742 3381 810 3434 huc.
825 3380 905 3434 VIII.
926 3381 990 3433 coll.
1011 3394 1072 3433 cum
1091 3379 1120 3433 S.
1133 3379 1210 3433 Iron.

91 3473 189 3528 Effato
206 3469 272 3545 (lib.
285 3472 311 3526 3.
325 3489 349 3526 e.
362 3472 388 3524 3.
400 3470 473 3525 Adv.
484 3466 587 3545 Haer.)
607 3470 641 3524 de
659 3470 734 3523 Eccl.
746 3470 827 3523 Rom.
843 3469 966 3524 dicentis
988 3470 1142 3537 uhlaxima,
1163 3485 1212 3522 an·

91 3565 272 3635 nouissima,
288 3567 317 3617 et
329 3561 490 3618 OMNIBUS
509 3560 667 3616 cosmus
680 3577 697 3614 a
709 3561 930 3615 Gloriosissimis
944 3560 1052 3614 dnobus
1064 3559 1212 3628 Apostolis

90 3657 178 3710 Petro
198 3657 229 3709 et
247 3655 337 3708 Paulo
355 3653 482 3708 ROMAE
500 3651 622 3706 iundata
642 3654 672 3704 st
684 3652 845 3705 constitute
857 3650 1019 3704 Eculeus.»
1039 3649 1115 3713 Ouid
1135 3649 1211 3704 enim

92 3747 151 3798 sibi
170 3745 237 3799 vult
257 3743 334 3798 illud
355 3743 482 3797 omuibus
507 3742 624 3809 coquito
651 3741 710 3794 nisi
738 3741 812 3810 quod
832 3741 873 3794 sit
891 3741 974 3809 quasi
994 3741 1110 3794 lucerna
1128 3753 1214 3806 super

92 3838 218 3890 montem
237 3835 354 3904 posita?
371 3834 458 3888 Porro
477 3831 658 3887 manifestum
678 3833 723 3885 est
741 3832 773 3885 in
791 3847 822 3884 re
834 3833 864 3884 et
875 3830 907 3883 in
920 3837 1057 3894 concreto,
1073 3832 1107 3882 ut
1119 3828 1211 3896 aiunt,

92 3941 181 3978 unum
198 3923 330 3992 idemque
349 3938 410 3976 esse
428 3922 582 3975 Ecclesiam
599 3925 629 3974 et
647 3919 788 3972 ciuitatem
805 3923 967 3974 Romanam.
990 3917 1080 3986 Quod,
1101 3932 1152 3985 pro
1171 3932 1214 3970 re·

11 4059 12 4068 ,
93 4015 163 4079 gula
180 4013 311 4079 generali
330 4015 360 4066 et
377 4014 413 4067 ab
432 4012 562 4065 omnibus
581 4009 715 4077 admissa,
737 4010 823 4063 semel
842 4008 949 4062 dietum
968 4009 1032 4062 heic
1050 4007 1099 4062 sit.

163 4097 203 4178 (ι)
223 4103 316 4172 Supra
333 4101 357 4165 §.
372 4103 426 4158 111.
445 4102 570 4157 Officium
589 4101 719 4156 divinum
736 4103 766 4154 et
784 4099 885 4166 hymni
904 4099 978 4154 sacri
996 4098 1213 4164 Chaldaeorum,

163 4188 208 4268 (ὅ)
225 4192 257 4250 O.
272 4192 298 4246 1.
315 4208 344 4247 n.
360 4194 395 4250 V.
416 4193 468 4248 hoc
485 4206 546 4261 cap.
560 4187 585 4252 i.
599 4191 634 4245 V.
654 4190 759 4246 llarses
779 4188 852 4246 Ooll.
866 4203 927 4244 cum
945 4189 1050 4245 liamh.
1059 4189 1110 4246 VI.
1125 4177 1169 4256 2³⁴,
1185 4190 1214 4241 et

93 4279 160 4339 buc.
175 4281 287 4339 nes.
837 4304 843 4319 .
