3056 4756
756 244 934 310 ...70-

282 365 552 455 etPrincipatus
570 365 637 435 soli
656 389 868 457 possessores
885 368 1038 459 legitimi
1050 369 1087 437 in
1103 376 1306 460 perpetuum
1319 393 1400 441 eva·

282 481 414 558 serunt,
432 483 468 543 et
490 474 604 564 agniti
628 484 722 542 sunt.

346 580 370 648 J
372 582 611 674 amveroquis
634 605 703 650 non
734 583 844 673 ipsam
875 583 1059 654 veritatem
1090 583 1328 654 Christianam
1360 592 1397 654 et

281 689 472 759 doctrinam
495 677 731 780 Apostolicam
755 689 832 760 heic
856 692 1027 782 conspicit
1050 692 1144 761 circa
1159 691 1252 762 hunc
1268 695 1399 762 articu-

279 795 363 881 lum,
379 797 436 866 vel
448 820 489 865 ex
502 799 572 865 ista
584 797 658 865 sola
669 797 702 868 N
703 799 957 868 estorianorum
969 801 1007 868 in
1019 801 1097 869 luce
1109 800 1179 867 iam
1191 802 1305 890 posita
1318 825 1398 870 con-

280 905 455 974 fessione?
478 906 687 974 Praesertim
704 906 735 974 si
751 908 835 976 bene
851 909 888 976 in
905 916 1052 976 mentem
1065 910 1144 1001 quis
1164 918 1314 979 revocet:
1332 910 1396 978 hu-

276 1012 428 1100 jusmodi
444 1013 652 1082 sententiam
668 1038 728 1103 per
741 1037 856 1083 omnes
872 1023 908 1084 et
920 1016 1041 1101 totius,
1057 1039 1144 1109 quae
1156 1017 1226 1085 late
1239 1021 1394 1107 petebat,

279 1119 399 1189 Sectae
424 1121 524 1190 illius
543 1121 803 1190 vetustissimae
818 1130 963 1208 aetates,
978 1131 1014 1190 et
1032 1147 1094 1213 per
1110 1124 1225 1192 omnia
1238 1124 1394 1214 ejusdem

278 1229 535 1298 variatissimae
558 1229 766 1299 conditionis
789 1230 1101 1324 adjunctamque
1124 1231 1315 1320 vigentem,
1341 1231 1395 1298 in-

277 1344 539 1429 terruptamqne
568 1361 774 1430 numquam,
800 1346 836 1408 et
858 1339 1041 1428 nuspiam,
1070 1361 1139 1406 non
1162 1338 1268 1406 aliam
1299 1348 1394 1406 certe

275 1467 373 1533 posse
396 1445 523 1514 habere
546 1446 715 1536 originem
738 1453 876 1536 praeter
890 1445 1129 1536 Apostolicam
1153 1445 1395 1514 Traditionem

276 1559 312 1618 et
333 1550 466 1620 Fidem.

342 1657 527 1725 Praeterea
550 1657 654 1726 facile
677 1656 926 1746 comprehendo
951 1659 1033 1727 bene
1048 1656 1212 1746 possibile
1229 1657 1339 1726 fuisse
1352 1667 1395 1726 ut

274 1785 336 1852 per
358 1768 412 1831 tot
435 1763 584 1848 saecula,
613 1764 824 1849 Nestoriani,
856 1765 894 1833 in
918 1766 1044 1834 ceteris
1067 1763 1287 1833 Christianae
1310 1766 1393 1834 reli·

275 1872 391 1962 gionis
413 1873 587 1958 articulis,
604 1882 742 1963 praeter
758 1874 883 1964 dogma
897 1873 1144 1944 Nestorianum
1167 1873 1297 1962 atejus
1314 1897 1392 1943 con·

275 1981 436 2066 sestaria,
455 2003 532 2049 eum
547 1979 706 2049 Ecclesia
728 1981 883 2048 Romana
905 2003 945 2050 ac
970 1967 1213 2070 proinde'cum
1231 1979 1393 2049 Ecclesia

275 2088 447 2159 catholica
470 2089 636 2158 universa
658 2089 905 2158 concordarent
927 2094 963 2158 et
986 2095 1273 2179 perseverarent,
1298 2089 1392 2158 nihil

273 2196 364 2265 enim
386 2196 423 2265 id
442 2196 552 2265 eidem
568 2195 689 2266 Sectae
712 2197 750 2264 in
773 2217 837 2264 sua
857 2196 1080 2264 schismatica
1095 2195 1303 2265 exsistentia
1318 2197 1390 2266 offi-

274 2304 398 2392 ciebat;
416 2304 518 2372 immo
541 2304 686 2372 maxime
709 2303 746 2372 id
769 2303 826 2371 illi
836 2303 1050 2395 proficiebat,
1064 2310 1100 2372 et
1123 2304 1243 2372 bonam
1266 2304 1390 2373 existi·

273 2412 474 2496 mationem,
499 2419 535 2480 et
563 2411 600 2479 in
633 2410 708 2478 suis
739 2409 981 2494 libertatibus,
1008 2419 1113 2502 atque
1135 2411 1220 2480 adeo
1240 2410 1389 2500 jactatis

272 2519 540 2609 praerogativis,
566 2517 858 2588 confirmationem
880 2517 1036 2607 apprime
1063 2518 1284 2587 conciliabat.
1319 2520 1390 2588 Ast

271 2649 339 2696 non
361 2633 476 2717 potest
498 2626 703 2716 intelligi,e
727 2631 859 2710 contre,
878 2625 949 2709 nisi
973 2625 1028 2695 vis
1052 2625 1272 2695 invincibilis
1296 2627 1389 2695 veri·
1520 2615 1521 2624 ¹

272 2736 359 2805 tatis
381 2742 608 2825 supponatur,
628 2733 795 2826 quomodo
810 2733 1014 2804 Nestoriani
1038 2733 1231 2803 universim
1254 2733 1291 2801 in
1315 2757 1387 2803 cre-

271 2843 380 2914 dendo
402 2843 478 2912 RR.
504 2842 571 2912 PP.
598 2841 757 2911 Primetu
788 2841 1042 2924 consentirent,
1069 2846 1105 2909 st
1134 2841 1385 2930 perdurarent,

271 2950 381 3019 multo
405 2971 487 3018 vero
510 2949 625 3018 minus
648 2948 740 3018 ineo
757 2947 908 3018 articulo
931 2948 1097 3033 cudendo,
1123 2947 1180 3018 vel
1203 2936 1387 3017 novo'am-

271 3056 450 3146 plectendo
461 3055 579 3144 (juxta
593 3076 707 3144 nugas
723 3054 760 3123 S.
773 3053 873 3124 Sedis
888 3052 1196 3140 adversariorum),
1215 3077 1321 3146 quum
1337 3055 1389 3124 sit

271 3163 471 3255 hujusmodi
485 3163 662 3233 Primatus
677 3163 824 3231 maxime
840 3160 926 3252 ipsis
942 3161 1145 3248 adversans,
1164 3161 1265 3230 immo
1288 3185 1386 3232 ever·

271 3294 326 3340 sor
349 3271 485 3340 omnino
507 3271 660 3362 ipsorum
688 3271 863 3340 ordinarie
886 3269 1013 3360 agendi
1036 3269 1204 3355 rationis,
1230 3270 1387 3360 ipsorum

269 3379 510 3464 Autonomiae,
529 3378 643 3470 qualis
659 3380 701 3445 ab
725 3378 813 3468 ipsis
835 3379 903 3448 sibi
926 3378 1139 3464 vindicatur,
1161 3376 1413 3448 Patriareha··

269 3511 347 3557 rum
370 3510 509 3556 suorum
532 3485 751 3576 privilegiis,
778 3486 919 3577 suisque
941 3487 1096 3576 ipsorum
1124 3475 1386 3576 praerogativis

271 3595 512 3684 praesumptis,
532 3594 657 3687 quibus
673 3594 856 3684 praecipue
874 3617 911 3662 se
934 3594 1024 3662 solos
1047 3595 1085 3661 in
1108 3615 1193 3662 vera
1215 3591 1282 3661 fide
1306 3615 1383 3683 per·

270 3725 447 3771 severasse
463 3710 498 3772 et
509 3724 589 3770 suos
611 3699 847 3787 Patrierchas,
865 3701 947 3769 dum
964 3700 1053 3770 alias
1068 3699 1245 3769 Ecclesiae
1268 3721 1385 3768 omnes

268 3815 304 3878 et
326 3809 550 3879 Patriarchas
572 3808 792 3899 singularum
814 3831 932 3878 earum
954 3809 991 3877 in
1014 3831 1148 3878 errores
1170 3809 1287 3898 lapsos
1309 3812 1383 3876 tra·

268 3916 411 4004 ducant,
437 3919 567 4008 passim
588 3917 769 4006 jactitant.

333 4009 497 4094 Jamvero
519 4025 667 4114 ingenue
691 4026 804 4093 fateor
827 4023 933 4112 hujus
956 4023 1051 4092 tanti
1074 4023 1161 4093 facti
1184 4021 1318 4091 nullam
1330 4045 1384 4091 me

265 4152 364 4220 posse
386 4131 552 4221 reperire,
577 4153 645 4199 uno
662 4131 796 4220 dempto
813 4129 1040 4199 revelationis
1056 4128 1199 4214 lumine,
1219 4150 1281 4197 seu
1293 4129 1384 4219 Apo·

266 4236 409 4306 stolicae
434 4237 650 4306 Traditionis
673 4237 855 4327 imperioso
878 4235 1044 4326 impulsu,
1067 4234 1278 4326 probabilem
1303 4257 1384 4305 eau-
