3056 4756
580 189 760 258 ..91-

103 319 169 382 aut
184 315 370 404 proferunt
385 313 601 400 Nestoriani)
626 314 664 382 in
681 315 758 404 ipsa
775 333 906 405 semper
922 319 959 382 et
975 337 1084 407 usque
1100 314 1138 382 in
1154 337 1231 383 con-

105 423 370 490 summationem
394 423 524 491 saeculi
547 428 687 491 tantum
710 423 938 513 privilegium
960 429 996 492 et
1019 423 1157 492 laudem
1181 446 1231 492 oe-

104 529 325 598 lebraverint
356 536 391 598 et
414 529 605 616 celebrent,
632 537 667 600 et
697 531 770 598 siut
801 530 1034 616 celebraturi,
1068 531 1233 599 nimirum

106 637 277 728 quamdiu
297 636 453 704 Officium
476 637 645 706 Divinum
669 644 752 705 sunt
775 636 1027 706 Chaldaeorum
1051 637 1119 705 filii
1143 639 1230 708 reci·

105 745 222 812 taturi
245 750 281 812 et
304 744 458 812 canituri
475 745 512 812 in
535 744 695 812 Ecclesia
719 744 781 831 (1).

174 852 220 918 20.
246 851 342 941 Ergo
365 851 524 920 Ecclesia
547 853 701 920 Romana
717 853 755 919 in
771 859 951 920 aetornum
968 853 1114 922 exsistet
1131 855 1232 922 beata

106 959 143 1028 h.
164 983 196 1028 e.
215 962 258 1027 ab
274 961 411 1028 infelici
434 961 640 1050 praesertim
659 982 775 1028 errore
799 965 835 1028 et
850 961 947 1050 turpi
970 961 1107 1030 haeresi
1123 961 1233 1030 libera

108 1070 149 1136 ob
168 1091 267 1136 suam
284 1068 708 1160 utiqueConstitutionem
721 1069 758 1135 in
774 1068 816 1135 Β.
831 1069 929 1138 Petri
942 1069 1162 1140 Cathedram.

178 1177 223 1244 3⁰.
250 1176 298 1244 Et
320 1177 463 1266 insuper
487 1176 578 1245 illud
601 1175 831 1266 privilegium
853 1199 1041 1270 numquam
1064 1201 1132 1249 non
1156 1201 1231 1267 pos·

107 1284 253 1370 sidebit3
273 1284 434 1375 quoniam
458 1291 513 1353 est
536 1284 666 1352 ancilla
689 1284 843 1369 Christi,
878 1286 939 1376 qui
968 1286 1106 1354 minime
1138 1287 1229 1376 pati-

109 1397 173 1460 tur
198 1391 390 1480 indignam,
409 1399 445 1460 et
460 1392 597 1482 impuro
621 1416 736 1461 errore
759 1393 968 1461 maculatam
987 1393 1024 1462 iu
1048 1399 1234 1484 conspectu

109 1522 173 1566 suo
198 1499 335 1583 sistere,
359 1505 394 1568 et
417 1499 597 1567 famulari.

175 1608 223 1678 4⁰.
242 1607 384 1676 Etenim
409 1611 485 1697 ejus
503 1608 658 1700 Sponsus
679 1607 842 1677 caelestis
858 1609 962 1678 Jesus
987 1633 1118 1699 semper
1142 1609 1235 1677 vivit

108 1717 147 1783 in
172 1717 289 1806 gloria
311 1716 451 1802 Patris,
479 1718 535 1785 oui
562 1722 616 1786 est
644 1717 787 1806 proinde
819 1718 897 1807 ipsa
920 1717 1077 1786 vicissim
1102 1718 1234 1807 Sponsa

109 1823 223 1892 electa
246 1823 297 1908 (2)
322 1828 357 1891 et
379 1845 569 1915 numquam
592 1824 745 1892 infidelis
769 1830 833 1891 aut
855 1825 1033 1892 immunda
1057 1825 1191 1892 futura.

180 1931 225 1998 5⁶.
245 1930 313 1998 Est
336 1930 441 1998 etiam
464 1938 500 2000 et
523 1931 657 2000 dicitur
679 1933 788 2000 Roma
811 1923 945 2022 portua,
960 1933 1082 2024 utique
1106 1934 1234 2001 securi-

109 2039 219 2123 tatis,
246 2039 284 2107 in
307 2063 407 2130 quem
431 2040 661 2130 appulerant,
685 2046 726 2109 ut
756 2041 883 2109 ibidem
913 2063 1022 2131 usque
1045 2041 1234 2133 requiesca-

113 2154 207 2232 rent,
224 2147 289 2216 SS.
307 2149 387 2216 AA.
403 2146 530 2218 Petrus
554 2156 589 2217 et
612 2149 756 2218 Paulus.
779 2152 848 2219 Ast
871 2151 908 2218 in
931 2149 1121 2240 hypothesi
1144 2151 1235 2217 defe-

113 2255 244 2324 ctionis
267 2255 376 2346 hujus
399 2257 577 2325 Ecclesiae
594 2281 614 2325 a
628 2258 727 2342 Fide,
747 2259 882 2348 decepti
898 2258 1051 2326 fuissent
1066 2258 1129 2326 isti
1145 2257 1236 2347 Apo·

112 2364 199 2432 stoli
223 2369 260 2431 et
282 2365 466 2454 praecipua
496 2365 643 2453 Petrus3
670 2371 706 2433 et
728 2365 897 2454 hymnum
927 2371 1107 2456 praeterea
1134 2389 1236 2434 suum

111 2471 317 2540 Nestoriani
342 2473 505 2541 deberent
525 2473 713 2565 aliquando
730 2480 792 2541 aut
810 2481 945 2542 mutare
961 2480 1024 2542 aut
1039 2474 1236 2542 mendacem

113 2579 358 2668 pronuntiare:
391 2587 579 2672 utrumque
603 2588 720 2650 autem
744 2582 936 2650 sententiae
960 2583 1114 2671 ipsorum
1137 2605 1237 2673 repu-

114 2695 215 2777 gnat,
244 2688 501 2780 absurdumque
524 2689 649 2758 existit
672 2690 867 2780 supposita.

182 2795 228 2862 6⁰.
255 2795 326 2864 Nec
349 2796 464 2864 minus
488 2796 831 2865 indefectibilitatem
856 2796 959 2865 Fidei
974 2797 1151 2866 Ecclesiae
1170 2797 1236 2866 Ro·

115 2925 238 2972 manae
260 2903 326 2971 illa
348 2903 507 2974 indicant
530 2906 649 2990 verba,
677 2905 804 2996 quibus
827 2905 1076 2995 Apostolorum
1100 2906 1137 2974 in
1160 2906 1237 2996 ipsa

187 3137 230 3212 (1)
249 3141 321 3194 Sane
350 3139 426 3192 nulli
455 3138 571 3193 dubium
597 3141 676 3206 ipsos
698 3140 884 3194 Nestorianos
908 3157 987 3194 suam
1010 3141 1237 3194 Oommunionem

22 3267 23 3298 ,
116 3245 207 3298 usqne
226 3231 258 3282 in
277 3230 360 3282 finem
380 3245 436 3282 non
456 3231 633 3296 perituram,
655 3245 705 3284 ceu
724 3246 820 3284 veram
838 3235 868 3284 et
886 3232 997 3284 unicam
1016 3231 1127 3284 Christi
1145 3231 1238 3284 Eccle-
1327 3296 1329 3299 v

22 3335 23 3338 ’
117 3323 189 3374 siam
202 3321 312 3388 passim
325 3321 505 3374 contendere.
526 3323 613 3374 Porro
627 3323 768 3374 rationem
780 3322 924 3390 precandi,
937 3324 1024 3391 juxta
1036 3320 1111 3374 illud
1124 3323 1235 3374 Tertul-

116 3412 208 3478 liani,
234 3409 366 3462 credendi
386 3426 447 3463 esso
465 3413 568 3475 Legem
587 3410 690 3478 liquat.
718 3410 874 3464 chaldaeos
896 3427 963 3464 vero
983 3412 1044 3465 sive
1065 3411 1126 3463 siut
1138 3411 1237 3463 Nesto·

117 3503 196 3556 riani
217 3501 280 3554 sive
299 3501 442 3568 catholici,
465 3516 549 3568 quum
563 3501 649 3554 fermo
668 3501 742 3552 idem
756 3501 882 3554 habeant
894 3501 1019 3556 Officium
1031 3502 1176 3564 Divinum,
1193 3517 1236 3554 oa·
1303 3511 1305 3522 ⁴

22 3629 23 3636 η
117 3593 266 3659 nandoque
283 3591 359 3644 illud
378 3607 467 3658 usquo
486 3592 651 3661 persolvero
671 3593 784 3643 soleant
802 3587 892 3666 (quod
911 3593 993 3656 viget
1005 3592 1065 3644 iore
1079 3590 1152 3657 apud
1164 3595 1236 3644 cete-

22 3713 23 3720 1
118 3700 164 3735 ros
185 3675 370 3754 orientales),
395 3697 440 3734 res
468 3681 621 3734 manifesta
640 3683 685 3732 est
703 3681 734 3731 in
754 3679 837 3732 flnem
860 3681 1043 3746 saeculorum,
1066 3678 1239 3746 perdurante

119 3772 253 3824 nimirum
271 3771 399 3824 Ecclesia
417 3761 572 3836 Catholicae,
594 3769 667 3821 illud
686 3769 718 3820 in
737 3783 788 3820 osu
807 3767 943 3820 futurum.

188 3857 233 3936 (2)
252 3859 345 3914 Sicuti
372 3861 417 3911 est
439 3859 619 3913 Universalis
639 3858 766 3910 Ecclesia
791 3873 857 3909 vere
887 3861 916 3909 et
943 3857 1100 3925 adaequate
1129 3857 1240 3911 christi

119 3969 242 4021 sponsa,
263 3950 441 4018 parimodo,
463 3949 518 4001 etsi
537 3963 587 4015 por
606 3948 757 4012 figuratam
777 3948 990 4015 loquutionem,
1012 3964 1078 4001 vero
1098 3951 1193 4000 tamen
1213 3951 1242 4001 et

119 4059 175 4096 nou
187 4041 332 4107 illusorie,
348 4043 458 4106 partem
471 4039 658 4106 principalem
673 4054 724 4104 pro
739 4040 800 4089 toto
814 4037 957 4103 sumendo,
976 4038 1104 4090 Ecclesia
1117 4039 1242 4094 Romana

22 4161 23 4192 1
119 4135 148 4184 in
168 4133 264 4188 Officio
284 4133 382 4205 nostro
402 4129 508 4182 dicitur
526 4131 635 4194 Sponsa
655 4127 784 4195 Christi5
806 4128 900 4195 liquat
922 4127 996 4180 onim
1019 4128 1082 4181 heio
1100 4128 1243 4181 Ancillam

22 4237 23 4290 5
119 4223 221 4288 Sponsa·
241 4220 374 4284 coelestio,
396 4219 470 4272 idom
489 4219 586 4272 valore
607 4234 638 4271 ao
656 4221 791 4283 Sponsam
811 4218 883 4286 ejus.
