3056 4756
714 239 893 306 ...76-

248 369 354 437 ritate
378 373 508 436 mentes
531 365 750 454 captivante,
776 365 920 455 implere
941 386 1010 432 ιιοιι
1034 364 1205 454 potuisset
1223 363 1364 442 Petrus,
1388 401 1392 410 ·

249 474 417 545 dicendus
440 473 614 544 charisma
631 473 851 542 Incrrantiae
875 474 912 540 in
928 472 1145 562 Megisterio‚
1169 472 1244 562 ipso
1269 479 1366 556 actu,

250 607 328 652 acce
353 605 433 652 1sss.

316 608 351 758 ili
376 691 473 773 Quae
489 711 571 759 vero
594 688 736 777 singula
751 687 892 756 oracula
908 710 929 755 a
944 687 1175 771 Nestorianis,
1193 687 1368 777 explicato

250 823 373 884 sensu,
400 798 529 886 accipi,
559 819 625 864 non
653 797 796 864 obscure
818 795 981 863 innuitur
1007 803 1082 864 tum
1106 795 1144 862 in
1167 816 1273 883 supra
1292 794 1366 881 jam

250 907 372 975 relatis
395 905 465 992 (1),
491 911 565 972 tum
587 904 625 970 in
647 901 742 970 infre
765 901 965 970 afferendis.
991 901 1106 970 Unum
1129 901 1367 970 tantummodo

250 1015 327 1082 heic
350 1014 499 1080 inseram
521 1010 757 1080 testimonium
780 1031 821 1077 ex
839 1030 939 1098 saepe
959 1009 1032 1098 jam
1055 1007 1198 1077 laudato
1216 1006 1369 1097 Corpore

249 1121 351 1190 Juris
373 1118 614 1188 Ecclesiastiei
636 1117 748 1185 totius
772 1118 1020 1185 communionis
1043 1117 1283 1186 Nestorianae.

316 1229 417 1312 Quod
439 1229 679 1298 documentum
703 1248 741 1293 eo
763 1226 932 1294 libentius
955 1227 1049 1294 hunc
1072 1226 1239 1324 inlocum
1257 1225 1368 1294 addu-

251 1359 325 1405 cam
349 1335 439 1428 quod

316 1447 349 1514 1.
375 1443 491 1527 Quum
514 1441 555 1510 de
572 1441 775 1532 Principatu
798 1442 840 1510 B.
860 1441 956 1508 Petri
980 1464 1009 1509 c.
1026 1440 1058 1509 1.
1076 1445 1167 1509 esset
1183 1463 1304 1524 sermo,
1325 1463 1369 1508 ne

250 1553 418 1644 prolixior
447 1573 574 1633 essem,
607 1549 697 1616 illud
728 1549 773 1617 ad
805 1549 894 1616 hanc
925 1548 1135 1617 occasionem
1166 1569 1368 1618 reservave-

250 1663 317 1730 rim
340 1661 403 1750 (2);
429 1664 465 1727 et
488 1657 578 1749 quod

315 1769 349 1836 2.
374 1768 416 1834 Ιιι
439 1767 516 1855 ipso
540 1767 769 1832 memorentur
793 1762 907 1830 omnia
929 1769 965 1830 et
988 1763 1060 1831 tria
1083 1761 1225 1831 oracula
1244 1761 1368 1828 divina

249 1885 286 1944 ct
309 1873 513 1966 praesertim
538 1871 628 1938 illud
651 1870 765 1938 Lucae
787 1870 905 1937 XXII.
920 1870 974 1938 32.
994 1870 1084 1960 quod
1108 1870 1145 1936 in
1164 1869 1368 1961 quaestione

249 1980 445 2071 Magisterii
469 1980 510 2046 B.
530 1978 626 2046 Petri
649 1975 776 2065 atejus
793 1999 1027 2045 successorum
1048 1976 1210 2065 specialis
1225 1976 1368 2045 exsistit

250 2089 473 2264 ponddidihm
499 2192 596 2262 locus
611 2191 679 2259 iste
696 2191 872 2280 Epitomes
888 2189 1031 2259 Sobsnis
1058 2190 1125 2259 etsi
1149 2190 1191 2259 de
1209 2191 1367 2260 Patriar-

250 2303 375 2372 chetus
389 2302 426 2369 in
439 2323 575 2391 genere,
594 2305 634 2368 ut
654 2322 725 2368 mos
748 2306 802 2367 est
824 2299 1123 2386 Nestorianorum,
1142 2298 1368 2368 institutione

250 2416 303 2509 eat
320 2411 449 2479 directo
466 2408 636 2506 prolatus,
654 2407 694 2476 de
710 2407 819 2474 Beato
835 2407 938 2475 Petro
957 2412 1083 2490 tamen,
1099 2406 1308 2498 proindeque
1324 2406 1369 2474 de

249 2515 325 2606 ejus
341 2514 425 2583 solis
440 2513 658 2599 incathedra
675 2512 941 2596 successoribus,
952 2513 994 2580 ob
1005 2535 1141 2599 nexum,
1157 2513 1365 2602 subjectum,

251 2623 440 2714 seriemque
454 2625 564 2689 totam
576 2620 792 2713 loquutionis
813 2627 867 2689 est
883 2619 963 2708 jure
984 2620 1245 2712 intelligendus,
1261 2625 1297 2690 et
1310 2640 1384 2710 ar-¹

319 2894 363 2971 (1)
391 2899 492 2953 Recole
512 2913 584 2966 quae
611 2898 641 2949 in
670 2895 769 2951 horum
796 2895 958 2952 divinornm
982 2899 1158 2952 oraculorum
1186 2897 1367 2952 dilucidatio-

210 3022 214 3032 ,
250 3005 322 3056 nem,
337 2992 422 3056 atquc
433 3001 519 3056 pones
533 2988 681 3042 Nostrates
701 2987 888 3054 acceptionem
908 3001 996 3056 supra
1014 2989 1102 3042 retuli
1120 2999 1144 3041 c.
1158 2987 1183 3040 1.
1198 2987 1366 3057 praesertim

250 3096 279 3132 n.
289 3079 348 3133 III.
363 3091 396 3130 cx
409 3077 503 3132 Officio
515 3075 682 3134 Sanctorum
694 3091 724 3130 n.
735 3077 800 3132 VII.
815 3092 849 3130 cx
863 3076 1201 3132 insusurrantur.
1215 3092 1249 3130 ex
1262 3077 1380 3131 Banat-

250 3170 320 3222 tiho.
340 3168 534 3223 Nihilominus
552 3183 608 3222 non
626 3175 738 3234 possum
758 3183 814 3220 non
828 3165 932 3234 dolere,
946 3183 988 3220 me
1001 3183 1056 3221 non
1069 3168 1207 3236 potuisse,
1219 3166 1367 3222 abundan-

249 3255 307 3312 tiae
326 3257 395 3312 licet
412 3257 518 3325 gratia,
539 3257 602 3311 heic
620 3258 761 3325 iuvenire,
774 3261 859 3325 atqua
879 3259 1014 3325 allegare,
1027 3258 1058 3310 in
1072 3274 1129 3312 rem
1143 3261 1279 3326 nostram,
1295 3259 1367 3311 dnos

249 3349 321 3403 alios
340 3351 469 3402 auctores
488 3347 673 3400 Nestorianos
692 3347 814 3400 maxima
832 3347 907 3414 apud
932 3363 997 3401 suos
1019 3333 1191 3402 auctoritate
1210 3349 1364 3417 pollentes,

250 3451 367 3503 qnorum
385 3437 535 3489 rarissima
553 3440 583 3489 et
600 3437 728 3503 pretiosa
758 3451 844 3504 opera
865 3421 896 3488 iri
920 3439 1123 3504 manuscriptis
1156 3437 1311 3492 chaldaicis
1335 3439 1368 3489 in

217 3541 230 3548 ·
249 3527 346 3580 Patrio
366 3527 425 3581 solo
444 3527 543 3598 habeo.
572 3525 677 3580 Horum
701 3529 775 3580 alter
803 3531 848 3582 est
871 3527 1029 3582 Jssudadus
1049 3529 1193 3582 Hadithae
1212 3528 1248 3581 ad
1272 3529 1367 3582 Mana-

250 3619 305 3684 sul,
320 3617 484 3686 Episcopus,
505 3633 552 3672 au.
565 3616 749 3671 christiaco.
764 3619 867 3686 clarus,
887 3620 918 3670 in
938 3635 989 3672 sua
1007 3619 1224 3674 Dilucidctioae
1241 3619 1278 3670 od
1289 3619 1366 3671 Noc.

249 3707 338 3760 Focd.
356 3706 439 3760 Alter
458 3710 503 3760 est
520 3707 596 3762 fama
613 3709 741 3776 inclytus
760 3709 921 3764 Theodorus
933 3711 1146 3778 Mopsuestenua
1159 3711 1367 3765 aiiestorianis

249 3798 352 3851 Doctor
370 3799 572 3867 oecumenicus,
592 3801 622 3851 at
641 3797 848 3854 dommentatcr
865 3815 915 3868 per
933 3801 1155 3854 antonomasiam
1168 3798 1260 3854 dictus
1273 3804 1303 3852 et
1314 3799 1368 3853 ha·

249 3886 337 3954 bitus,
353 3887 384 3940 in
398 3901 447 3940 suo
463 3887 594 3941 Eruditis
609 3887 852 3942 desideratissimo
864 3890 1066 3942 Ocmmcatcrio
1079 3889 1110 3942 in
1123 3889 1270 3957 ioannem,
1284 3891 1367 3958 cujus

249 3977 394 4044 exemplar
411 3977 442 4028 in
464 3976 563 4031 dodico
582 3978 664 4031 unico
683 3977 854 4048 (haliciae,
876 3995 950 4035 anuo
969 3979 1111 4047 superiori
1131 3995 1221 4046 ame,
1243 3979 1368 4032 maximo

248 4079 309 4118 cum
329 4063 450 4132 gaudio,
470 4068 501 4120 iu
529 4066 667 4122 Ooeuobio
690 4067 718 4122 S.
739 4067 852 4136 Georgii
872 4069 907 4123 ad
926 4069 1052 4137 nigrim,
1073 4085 1158 4138 propa
1177 4069 1302 4122 ilaussul
1322 4083 1367 4123 ra·
1401 4081 1406 4092 ⁸

249 4157 368 4222 partum,
389 4155 483 4208 nescio
503 4169 539 4209 an
558 4157 670 4223 uspiam
689 4158 760 4212 alibi
779 4159 884 4211 habeat
903 4159 1069 4225 exemplum.

318 4237 361 4316 (2)
384 4241 498 4297 Videsis
518 4259 604 4312 supra
622 4261 644 4298 c.
661 4247 685 4297 1.
701 4247 804 4299 nxn.
