3056 4756
710 201 909 272 -106—

252 329 426 398 Romanae
457 327 635 398 Ecclesiae
667 327 788 400 Fidem
818 336 854 400 et
882 329 1158 400 communionem
1188 331 1372 424 amplexus

253 437 336 506 fuit.
370 437 558 506 Tractatus
586 437 672 506 duos
701 439 807 509 etiam
838 438 1069 530 conscripsit,
1100 463 1245 532 quorum
1276 441 1373 509 alter

253 543 294 613 de
316 543 403 614 Fide
434 544 615 614 catholiea
643 546 817 632 Romana,
844 545 936 615 alter
963 551 1085 616 contra
1108 547 1302 616 haereticos
1326 547 1373 616 ab

252 651 368 722 eadem
391 651 550 722 Ecclesia
571 653 727 722 Romana
749 653 976 740 dissidentes,
1004 679 1090 748 quos
1114 655 1305 724 Tractatus
1328 661 1373 726 ua

251 760 381 830 laboris
404 762 460 829 sui
483 766 519 830 et
533 760 737 850 Legationis
754 763 921 846 fructum,
940 762 985 831 ad
1008 787 1089 832 suos
1111 763 1222 832 redux
1245 763 1371 855 adpor-

251 872 368 958 tavit,
394 871 524 955 omnia,
550 870 642 940 laeto
666 871 790 956 animo,
817 879 986 961 repetens,
1017 894 1105 963 quae
1129 873 1256 941 Romae
1278 873 1369 963 egit,

252 977 355 1063 vidit,
381 977 519 1059 didicit,
544 985 580 1045 et
602 977 750 1044 miratus
773 983 837 1046 est.
864 976 1001 1048 Idcirco
1023 978 1233 1048 Patriarcha
1257 977 1371 1070 Sync-

250 1086 331 1154 dum
353 1085 395 1154 de
417 1085 491 1155 suis
505 1085 788 1175 Archiepiscopis
805 1086 921 1175 coegit
942 1087 978 1154 in
1002 1085 1146 1156 civitate
1166 1085 1368 1172 Amidensi,

251 1193 289 1263 in
306 1217 375 1287 qua
398 1195 542 1263 suerunt
563 1194 814 1262 Reconciliatio
841 1204 877 1263 et
898 1194 989 1263 Unio
1017 1219 1094 1264 cum
1117 1194 1278 1265 Ecclesia
1300 1194 1371 1263 Ro·

251 1325 325 1372 mae
348 1303 571 1394 proclamata,
589 1302 702 1371 libelli
725 1299 764 1372 P.
782 1303 910 1372 Adami
933 1305 1127 1395 approbati,
1146 1313 1181 1374 et
1196 1305 1270 1396 ipse
1286 1327 1371 1373 con·

251 1420 408 1482 secretus
436 1411 731 1502 Archiepiscopus
757 1410 952 1480 Jerusalem
982 1417 1018 1481 et
1039 1412 1211 1496 Amidae,
1236 1435 1371 1482 assum·

250 1531 309 1612 pto
331 1522 466 1589 nomine
494 1519 679 1606 Timothei,
707 1519 790 1588 Elia
812 1520 920 1610 hujus
947 1521 1039 1590 sedis
1060 1521 1219 1612 praesule
1248 1529 1373 1611 sponte

251 1629 446 1712 abdicante,
464 1627 557 1698 etad
577 1627 792 1697 Seertensem
808 1627 992 1696 translato.
1019 1628 1159 1719 Scripta
1174 1629 1263 1720 ejus,
1282 1651 1373 1719 quae

251 1737 361 1806 citavi
392 1738 467 1805 sive
497 1735 634 1804 nomine
658 1737 697 1804 P.
720 1736 864 1822 Adami,
891 1735 966 1804 sive
990 1735 1164 1805 Timothei
1185 1735 1372 1826 Archiepi-

251 1845 344 1936 scopi
357 1843 551 1914 Jerusalem
569 1853 604 1913 et
619 1845 740 1928 Amed,
751 1851 891 1914 exstant
907 1868 928 1914 a
945 1844 1092 1934 Syriaco
1109 1869 1169 1913 seu
1181 1844 1372 1914 Chaldaico

253 1961 288 2022 et
310 1955 353 2020 ab
376 1953 514 2022 arabico
537 1953 595 2039 (in
619 1953 784 2021 ambabus
807 1953 897 2021 enim
922 1952 1065 2021 videtur
1091 1953 1274 2043 scripsisse
1300 1952 1368 2129 {n-

252 2062 347 2151 guis)
364 2061 401 2130 in
416 2061 566 2130 latinum
582 2083 694 2145 versa,
709 2061 823 2130 Isaaci
837 2061 1054 2130 Sciadrensis
1074 2083 1188 2151 opera,
1204 2061 1294 2152 apud
1337 2084 1371 2129 e·

251 2176 345 2242 trum
363 2170 540 2241 Strozzam
556 2193 732 2256 coaevum,
751 2173 788 2239 in
805 2193 904 2262 opere
917 2171 974 2240 cui
989 2170 1132 2239 titulus:
1152 2171 1370 2260 «Dogmata,

252 2287 286 2348 et
303 2277 495 2369 Synodalia
511 2278 760 2349 Chaldaeorum
776 2279 939 2348 -Romae
958 2278 1056 2347 1617.
1072 2287 1139 2351 etc.
1159 2305 1176 2342 n
1202 2279 1274 2363 ubi,
1293 2285 1372 2347 tum

252 2386 335 2472 alia,
362 2396 437 2456 tum
466 2409 553 2479 quae
576 2387 618 2455 de
641 2387 709 2455 isto
736 2386 904 2478 scriptore
927 2387 1099 2474 delibavi,
1126 2387 1243 2456 fusius
1267 2407 1372 2477 expo·

253 2493 324 2564 sita
346 2494 509 2584 reperies.
1227 2583 1229 2588 ,

80 2634 190 2681 surus.
214 2630 240 2676 et
319 2602 448 2671 Amrus
464 2597 768 2688 llstthaei'filius,
787 2601 974 2688 Tirhanae,
994 2602 1031 2672 iu
1054 2600 1236 2693 provincia
1251 2599 1370 2690 Baby·

27 2693 239 2807 ἷξξξῗζξξζξξ
253 2711 367 2780 Ionica
390 2711 622 2801 patriarchali
644 2716 762 2797 natus,
776 2711 917 2780 vivebat
933 2711 1025 2781 circa
1040 2733 1097 2780 an.
1111 2711 1246 2780 Christi
1263 2709 1368 2780 1340.

27 2821 240 2933 ffjrssffifflr
253 2820 360 2887 Porro
385 2821 514 2888 Amrus
541 2818 599 2888 hic
621 2818 750 2888 librum
773 2819 962 2908 genuinum
987 2843 1088 2889 suum
1115 2819 1222 2888 habet
1246 2817 1371 2888 Turris

67 2897 83 2943 ⁸
112 2899 128 2944 p
158 2917 165 2932 ’
252 2926 485 3017 inscriptum,
505 2926 542 2995 in
566 2928 653 2996 duas
677 2926 830 3014 divisum
853 2932 989 3018 partes,
1008 2949 1154 3020 quarum
1179 2928 1291 3016 prima
1314 2932 1372 2996 est

253 3033 421 3118 assalire,
447 3043 483 3102 et
506 3042 622 3103 exstat
645 3034 709 3102 sub
731 3057 874 3104 numero
899 3033 976 3102 108.
999 3034 1092 3103 inter
1114 3031 1370 3103 CodicesAra·

252 3143 346 3212 bicos
362 3143 565 3212 Vaticanus.
580 3142 673 3211 Huic
686 3141 856 3212 volumini
873 3141 963 3211 hane
975 3142 1120 3232 primam
1135 3141 1254 3210 Turris
1265 3139 1371 3210 Amri

252 3258 387 3340 partem
411 3249 604 3320 continenti
628 3249 742 3318 simile
766 3250 941 3340 exemplar
963 3250 1040 3319 vidi
1063 3250 1101 3318 in
1123 3249 1217 3319 Bibl.
1244 3248 1281 3320 S.
1306 3249 1371 3318 Pe·

252 3358 386 3428 thionis
401 3357 652 3428 Chaldaeorum
667 3357 826 3427 Amidae.
846 3358 1005 3426 Secunda
1019 3364 1136 3427 autem
1151 3380 1233 3449 pars
1247 3353 1372 3426 Turris

251 3468 353 3537 Amri
376 3473 452 3553 est,
472 3474 513 3536 ut
534 3467 699 3552 videtur,
721 3489 806 3557 opus
829 3464 940 3535 Maris
964 3465 1157 3535 Salomonis
1181 3463 1371 3556 scriptoris

252 3573 335 3653 item
351 3573 704 3643 arabico-nestoriani
716 3596 808 3643 saec.
825 3571 978 3642 XI-Xll.
994 3573 1084 3666 quod
1097 3579 1215 3643 exstat
1227 3573 1263 3642 in
1279 3571 1367 3642 vat.

250 3680 343 3753 Bibl.
363 3683 456 3751 inter
472 3680 577 3751 codd.
595 3683 704 3751 Arab.
722 3705 757 3752 n.
775 3681 867 3766 109,
886 3683 943 3751 cui
960 3681 1054 3771 operi
1071 3704 1176 3774 quum
1193 3681 1261 3750 iam
1277 3687 1371 3750 esset
1414 3757 1418 3765 ,

252 3813 374 3860 nomen
398 3792 530 3872 Turris,
548 3791 616 3860 sibi
632 3789 722 3859 illud
740 3792 812 3860 fere
836 3788 1020 3860 vindicans
1038 3789 1174 3858 ‘Amrus
1196 3795 1315 3859 noster
1331 3789 1371 3858 in

253 3899 363 3969 medio
381 3899 579 3969 saecXIV.
597 3897 829 3982 continuavit,
847 3904 884 3966 et
902 3896 1188 3976 Patriarcharum
1209 3896 1370 3966 Orienta-

253 4007 340 4076 lium
363 4007 543 4098 speciatim
566 4009 669 4086 oc'tos,
688 4028 773 4095 quas
796 4004 911 4076 Mares
935 4011 1145 4078 memoratus
1168 4006 1246 4075 fuse
1269 4025 1370 4074 enar·

121 4203 123 4206 Ι
255 4122 323 4200 rat,
342 4115 378 4182 in
396 4115 630 4205 compendium
645 4114 793 4204 redegit,
812 4119 916 4206 atque
935 4113 979 4183 ad
1002 4125 1189 4204 sucusque
1211 4119 1369 4203 tempora

254 4221 433 4314 produxit.
452 4220 552 4306 Quod
565 4221 603 4290 in
619 4222 695 4312 ipso
708 4220 790 4291 cod.
809 4220 892 4292 vat.
912 4213 989 4329 109.
1005 4221 1205 4296 adnotatur.
1222 4218 1372 4290 Tertius
