3036 4750
535 1344 753 1420 CAPUT
778 1349 825 1419 1.

314 1625 591 1670 NESTORIANORUM
616 1626 814 1671 TESTIMONIO
838 1627 1047 1673 snsrnulrua

253 1744 352 1786 BEA'I'I
379 1745 477 1788 PETRI
508 1745 545 1788 IN
576 1744 685 1788 ΤΟΤΑΜ
716 1743 897 1788 accensum
928 1746 1105 1792 ramerus.

185 2028 216 2094 Ι.
246 2024 284 2094 S.
309 2023 484 2113 Ephraem
506 2022 685 2092 Ecclesiae
712 2023 828 2110 Peter,
858 2048 899 2094 ae
927 2025 1066 2111 Doctor,
1083 2043 1191 2119 ‘quum
1217 2052 1238 2097 a

110 2132 336 2209 Nestorianis
359 2131 465 2199 etiam
488 2135 531 2198 ut
552 2131 638 2198 talis
661 2137 697 2200 et
719 2131 812 2202 inter
835 2154 1033 2225 suos,.quos
1056 2159 1158 2225 syros
1174 2161 1234 2207 vo·

111 2243 390 2330 eant,doetores,
402 2239 534 2329 primus
546 2238 730 2326 habeatur,
746 2262 786 2309 ee
798 2264 902 2331 opera
919 2243 1019 2311 illius
1034 2244 1071 2311 in
1086 2247 1237 2314 maxima

112 2346 357 2422 aestimatione
381 2345 472 2436 apud
496 2345 630 2415 eosdem
654 2347 746 2433 sint,
772 2350 895 2417 merito
918 2351 1028 2440 primo
1061 2351 1135 2420 loeo
1159 2352 1236 2422 heio

111 2467 168 2531 ast
192 2456 367 2527 uitandus.
400 2455 443 2522 In
466 2443 597 2544 hymno
621 2457 761 2545 syriaco
785 2457 836 2544 (1)
860 2458 901 2525 de
932 2459 973 2526 B.
999 2459 1104 2526 Petro
1128 2461 1236 2548 (apud

111 2571 149 2638 J.
162 2569 201 2637 S.
212 2567 348 2634 Assem.
358 2565 400 2634 B.
413 2565 452 2632 Ο.
464 2571 492 2633 t.
502 2563 536 2632 2.
553 2586 633 2654 pag.
649 2565 707 2650 95)
723 2565 774 2632 sie
787 2564 889 2632 illum
905 2564 1112 2656 alloquitur:
1131 2567 1236 2637 eBea·

111 2685 173 2745 tus
197 2697 234 2744 es
258 2673 377 2742 Simon
401 2673 517 2756 Petra,
544 2673 605 2763 qui
627 2677 725 2740 tenes
745 2673 862 2742 claves
884 2695 970 2764 quas
986 2672 1142 2762 Spiritus
1159 2697 1235 2742 oon—

112 2784 220 2854 feoitl
247 2781 400 2850 Verbum
423 2802 506 2851 sane
523 2779 656 2870 grande
672 2801 711 2848 ae
728 2780 918 2866 ineffabile,
938 2781 1029 2871 quod
1046 2803 1184 2849 sursum
1202 2789 1238 2852 et

119 2937 308 2948 .—...-—·

187 3008 230 3087 (1)
248 3015 277 3065 N
279 3014 327 3064 .B.
343 3011 450 3064 Nomen
465 3009 598 3075 Syrorum
611 3021 754 3062 commune
768 3022 878 3076 semper
894 3007 951 3062 fuit
964 3023 996 3062 ao
1009 3011 1053 3060 est
1065 3009 1103 3062 iis
1117 3009 1168 3076 qui
1181 3010 1236 3064 lin·

113 3121 170 3173 gna
189 3105 302 3169 syriaca
326 3103 491 3168 utebantur,
507 3117 539 3153 ae
557 3099 642 3153 hodie
662 3098 748 3150 etiam
767 3101 898 3165 utuntur,
919 3099 1068 3166 praecipue
1089 3102 1121 3153 in
1139 3102 1236 3154 Rebus

113 3196 211 3249 Sacris
224 3210 257 3247 ae
270 3195 301 3245 in
314 3171 458 3256 Biturgia3
474 3193 560 3256 atque
575 3190 625 3256 qui
644 3188 802 3253 generatim
822 3189 883 3255 syri
896 3188 1050 3241 christiani
1064 3191 1236 3258 simpliciter

113 3285 285 3338 dicebantur
299 3282 360 3335 sive
373 3281 404 3332 in
417 3281 533 3344 regione
546 3278 698 3344 Edessena,
725 3278 787 3330 sive
809 3278 840 3329 iu
859 3278 997 3330 interiore
1016 3279 1132 3333 Oriente
1156 3280 1235 3345 dege.

114 3377 267 3440 rent‚aute
288 3371 447 3424 divisiones
465 3385 516 3436 per
531 3368 868 3434 Nestorianismum,tum
887 3383 937 3435 per
948 3369 1235 3436 monophysitismum

113 3467 217 3518 laetas.
229 3461 341 3514 Exinde
352 3461 506 3514 discrimen
519 3459 598 3511 iuter
611 3473 692 3524 syroe
706 3458 897 3511 occidentales
911 3474 959 3511 seu
973 3459 1189 3525 monophysitas
1205 3464 1235 3513 et

113 3552 272 3618 Jeeebitas,
295 3553 324 3603 et
342 3551 430 3616 Syros
450 3550 607 3602 orientales
626 3550 688 3603 sive
704 3549 906 3603 Nestorianos:
927 3548 994 3600 inde
1007 3538 1153 3601 etiam'illi
1166 3551 1234 3616 Syri

113 3641 298 3708 simpliciter,
310 3640 342 3692 hi
360 3640 523 3694 orientales
537 3639 709 3706 simpliciter
722 3641 770 3692 vel
788 3633 925 3692 dhsldasi
939 3639 1019 3691 dieti.
1040 3639 1153 3704 Lingua
1166 3655 1234 3695 vero

112 3735 177 3786 sive
196 3743 256 3782 eam
264 3730 364 3796 Syram
377 3731 440 3783 sive
456 3728 716 3795 Syro-ebaldaioam
729 3730 791 3782 sive
802 3730 976 3795 Aramaeam,
989 3730 1051 3782 sive
1062 3729 1234 3797 simpliciter

111 3821 288 3874 chaldaicam
307 3821 445 3889 appelles,
467 3819 597 3872 omnibns
617 3823 714 3873 notum
733 3822 777 3872 est
789 3818 937 3872 Eruditis:
959 3833 1042 3870 unam
1062 3817 1234 3886 eandemque

112 3911 172 3964 iere
194 3926 266 3976 esee,
287 3909 410 3976 demptis
428 3925 527 3977 nempe
547 3909 724 3976 aliqualibus
742 3909 843 3961 formis
862 3924 894 3961 ao
913 3908 1123 3976 pronunciandi
1141 3909 1233 3962 modis

112 4001 333 4066 recentioribus,
354 4001 401 4053 vel
422 3999 498 4052 nihil
518 3999 709 4052 substantiam
724 3998 947 4063 attingentibus.
968 3998 1035 4050 Ideo
1049 4000 1080 4050 in
1094 3999 1151 4051 isto
1165 4013 1231 4064 opu·

113 4093 192 4144 seule
211 4091 367 4159 promiscue
387 4090 518 4144 invenies
532 4105 574 4142 me
587 4090 632 4141 uti
646 4092 705 4142 tum
717 4089 830 4155 Syriaco
843 4092 902 4140 tum
914 4089 1067 4141 Obeldae'ee
1079 4093 1139 4142 tum
1150 4091 1232 4154 Syro·

115 4181 261 4234 chaldaice
280 4181 405 4247 vocibus,
419 4179 454 4232 ad
467 4195 551 4232 unam
559 4179 722 4233 Aramaeam
735 4181 861 4232 nostram
874 4179 1001 4245 linguam
1017 4179 1231 4244 designandam.

116 4271 188 4326 Vide
206 4286 278 4338 quae
298 4269 332 4322 de
350 4270 403 4324 hoo
422 4273 587 4337 argumento
606 4285 706 4324 rursus
725 4269 757 4322 iu
768 4261 942 4338 Appendieis
957 4271 997 4324 11.
1018 4272 1086 4322 uota
1104 4265 1151 4341 (l).

1100 4367 1116 4428 1
