3036 4750
751 187 909 254 ..4.-

268 314 370 396 tecte,
395 309 621 380 Constructor
644 312 893 400 Ecclesiarum,
912 315 1026 400 Petro,
1042 315 1100 384 cui
1115 315 1283 385 Dominus
1299 323 1385 387 tuus
1495 389 1496 402 ,

270 416 366 486 dedit
387 417 512 488 Claves
535 418 694 489 thesauri
717 420 928 510 spiritualis,
951 430 991 492 ut
1011 422 1144 513 ligares
1168 445 1208 492 ac
1232 425 1387 494 solveres

267 526 436 618 quidquid
459 529 616 598 interra
639 535 674 598 εὴ
697 530 735 597 in
758 529 878 599 Caelol
897 530 984 598 -Ο
1007 531 1125 600 Simon
1156 533 1280 620 Petra,
1310 556 1387 625 pos-

268 657 379 704 sessor
403 636 556 708 clavium
578 637 782 708 altitudinis
805 643 842 708 ot
868 637 1145 730 profunditatis!
1163 680 1209 692 -
1223 641 1251 709 Ο
1267 641 1383 727 Petra,

268 742 429 833 princeps
450 744 698 838 Apostolorum
721 745 900 836 plantator
919 745 1109 815 Ecclesiae!
1126 747 1315 816 —Beatus
1331 771 1382 832 es,
1495 775 1496 790 ¹

268 850 382 934 Patre,
409 850 470 942 qui
493 874 529 920 es
554 852 835 922 fundamentum!
854 891 898 906 -
913 854 1039 922 Petrus
1064 860 1181 944 caput,
1203 861 1239 923 et
1253 855 1388 923 Paulus
1495 895 1496 900 κ

268 957 399 1028 electus
422 959 675 1049 plantaverunt
701 962 739 1029 in
760 960 919 1030 Ecclesia
940 961 1143 1030 Unitateml
1161 1001 1206 1013 -
1227 962 1389 1031 Ecclesia

269 1089 330 1157 per
353 1067 585 1137 sacerdotium
609 1069 708 1138 Petri
725 1069 941 1159 locupletata
956 1071 1038 1138 fuit.
1053 1070 1138 1138 -O
1153 1071 1319 1162 Princeps
1335 1072 1387 1140 di-

198 1264 201 1270 ·
269 1173 491 1265 scipulorum,
507 1175 626 1245 Simon
649 1177 703 1243 fili
719 1176 841 1261 Jonas,
857 1199 961 1266 super
977 1199 1078 1269 quem
1102 1177 1305 1247 aedificavit
1318 1179 1387 1246 Do-

269 1282 383 1351 minus
395 1289 513 1352 noster
525 1283 717 1353 Ecclesiam
734 1305 846 1352 suam.
856 1284 1037 1352 —Gratia
1053 1283 1118 1352 illa
1135 1306 1238 1376 quam
1254 1285 1391 1376 accepit
1495 1365 1496 1390 χ

270 1390 387 1460 Simon
402 1390 568 1482 Princeps
583 1391 832 1482 Apostolorum
855 1391 955 1461 venit
977 1413 1039 1482 per
1055 1393 1293 1461 Proditionem
1311 1399 1388 1482 (seu
1417 1435 1420 1438 -

270 1499 535 1585 successionem)
551 1500 590 1570 in
606 1524 721 1570 omnes
733 1500 987 1590 generationes,
1002 1506 1038 1568 et
1050 1501 1190 1590 perficit
1205 1500 1336 1586 fideles,
1353 1508 1390 1570 et
1495 1517 1496 1550 ¹

270 1607 375 1697 eligit
391 1607 596 1678 Sacerdotes
611 1609 656 1677 ad
671 1608 916 1699 perfectionem
932 1607 1247 1694 Sacramentorum,
1261 1615 1298 1678 et
1313 1631 1390 1699 ope·
1495 1587 1496 1642 l

271 1720 372 1785 ratur
394 1739 455 1807 per
472 1738 595 1786 manus
611 1740 728 1786 eorum
752 1717 868 1785 omnia
887 1715 1051 1806 prodigia
1066 1738 1107 1786 ac
1123 1717 1237 1807 signa.
1251 1717 1392 1786 -Bea-
1463 1709 1467 1718 ⁸
1495 1701 1496 1746 ³

270 1829 328 1892 tus
350 1847 387 1893 es
411 1823 529 1893 Simon
551 1825 738 1914 Bar-jona,
759 1825 817 1893 cui
839 1847 877 1892 os
900 1824 1026 1894 vivens
1050 1825 1241 1894 affirmavit
1255 1825 1388 1894 dicens:

270 1933 401 2002 Beatus
416 1956 465 2018 es,
484 1933 567 2025 quia
590 1938 745 2024 superte
768 1932 968 2017 aedificabo,
987 1939 1023 2001 εὴ
1038 1933 1216 2002 stabiliam
1239 1933 1390 2002 firmiter
1495 1927 1496 1944 ³

271 2040 466 2110 Ecclesiam
479 2046 646 2110 sanctam.
657 2041 778 2110 -Hic
790 2046 844 2110 est
856 2041 961 2108 Petra
977 2042 1015 2108 in
1034 2041 1196 2127 veritate,
1212 2041 1269 2109 cui
1284 2041 1391 2132 impo-
1495 2027 1496 2104 Ῐ

271 2149 377 2217 situm
400 2149 472 2218 fuit
494 2151 537 2218 ab
560 2172 618 2218 ore
650 2149 713 2217 illo
746 2147 966 2219 sanctissimo
993 2171 1138 2234 nomen,
1165 2172 1271 2241 quum
1295 2149 1392 2218 dixit
1495 2137 1496 2224 l

271 2255 341 2324 illi:
360 2257 414 2324 Pu
433 2257 612 2327 vocaberis
633 2257 758 2342 Petra,
785 2261 821 2324 et
844 2256 1008 2346 promisit
1032 2279 1136 2346 super
1158 2257 1274 2347 ipsum
1297 2257 1391 2326 aedi·
1495 2265 1496 2342 ξ

271 2363 457 2433 ficeturum
473 2387 508 2433 se
523 2364 716 2434 Ecclesiam
738 2369 906 2433 sanctam.
923 2363 991 2432 Hic
1011 2369 1065 2432 est
1087 2363 1206 2432 Simon
1223 2363 1388 2450 Sanctus,
1495 2381 1496 2400 ¹

274 2476 310 2540 et
332 2494 447 2542 omnes
469 2473 583 2562 Reges
606 2494 646 2541 ac
670 2473 819 2562 tyranni
842 2495 911 2540 non
934 2472 1188 2562 praevalebunt
1207 2495 1310 2562 super
1324 2471 1391 2541 Ec-

273 2577 425 2664 clesiam,
446 2579 548 2669 cujus
571 2580 835 2649 fundamentum
858 2580 966 2648 fixum
989 2601 1029 2648 ac
1048 2579 1200 2670 positum
1215 2585 1270 2648 est
1286 2603 1393 2670 snper

270 2687 361 2755 Eum
384 2687 446 2776 (1).
472 2689 541 2758 Hic
564 2694 618 2757 est
634 2687 752 2756 Simon
775 2688 926 2757 Sanctus
950 2688 1007 2756 cui
1031 2689 1116 2756 data
1139 2688 1211 2757 fuit
1230 2693 1392 2778 potestas

273 2817 294 2862 a
318 2794 503 2864 Servatore
526 2801 645 2864 nostro
668 2797 707 2863 in
721 2795 915 2864 Ecclesiam
938 2795 1029 2864 hanc
1053 2816 1140 2886 quae
1163 2796 1279 2864 estin
1294 2801 1394 2864 terra
1495 2885 1496 2892 ἵ

272 2909 309 2972 εὴ
331 2903 368 2972 in
391 2903 508 2990 illam,
536 2925 623 2996 quae
646 2909 701 2974 est
724 2926 852 2994 supra,
879 2903 1053 2972 incaelo.
1089 2905 1157 2972 Hic
1185 2909 1238 2973 est
1264 2905 1392 2973 Petrus

272 3011 404 3080 Beatus
426 3012 485 3080 cui
508 3011 708 3080 commissae
726 3011 824 3080 fuere
847 3010 976 3082 Claves
995 3009 1136 3080 Excelsi
1159 3033 1199 3080 ac
1219 3011 1393 3080 Profundi

272 3142 294 3186 a
317 3119 504 3191 Servatore
534 3124 653 3187 nostro
684 3123 726 3187 ut
747 3118 880 3208 ligaret
903 3124 1008 3210 atque
1031 3117 1185 3187 solveret
1207 3124 1392 3209 praecepto
1495 3201 1496 3204 Ἴ

273 3230 349 3314 (seu
372 3234 414 3296 ut
436 3227 536 3312 alibi)
560 3231 744 3317 praecepto
768 3249 841 3295 suo.

338 3335 402 3406 IV.
423 3335 587 3425 Synodus
600 3335 757 3424 Dadjesu
769 3333 942 3404 Catholici
959 3335 1033 3404 h.e.
1049 3333 1216 3404 Primatis
1232 3332 1393 3402 Orienta-

272 3441 360 3511 lium
376 3464 437 3511 seu
453 3437 831 3532 Syro-Chaldaeorum,
845 3463 934 3509 anno
949 3442 984 3511 4⁰
999 3441 1108 3531 Regis
1124 3442 1310 3518 Persarum
1321 3441 1393 3510 Va-

273 3550 431 3636 rharani,
442 3549 501 3619 i.e.
510 3549 645 3618 Christi
652 3549 731 3618 423.
743 3549 927 3634 celebrata,
936 3551 1141 3634 aPatribus,
1151 3549 1212 3639 qui
1223 3547 1391 3617 erantdfi.

273 3656 425 3747 episcopi
449 3681 525 3726 curn
547 3656 712 3742 Primate,
737 3657 864 3748 quibus
887 3662 1109 3726 accesserunt
1132 3655 1239 3726 ceteri
1262 3677 1391 3742 omncs,

274 3770 311 3834 et
326 3787 458 3835 summa
472 3765 626 3855 ejusdem
640 3771 781 3836 actuum
794 3765 928 3835 inserta
939 3765 1011 3834 fuit
1026 3764 1064 3833 in
1076 3763 1199 3834 Codice
1214 3764 1395 3835 Nestoriu-

345 4154 386 4232 (1)
405 4159 452 4212 Sic
471 4137 638 4212 vertendum
652 4157 687 4211 ad
701 4157 801 4212 melius
822 4155 1033 4225 exprimendam
1053 4154 1291 4209 constructionem
1309 4153 1395 4220 phra-

277 4250 318 4304 sis
337 4249 508 4304 chaldaicae.
