3056 4756
561 343 760 410 -115-

94 471 276 539 Ecclesiae
292 470 442 538 filiorum
469 474 638 536 sententia
662 469 799 536 dissono
823 494 883 558 per
898 469 955 536 46.
974 493 1081 536 annos
1099 497 1115 531 n
1134 492 1218 558 ergo

93 579 196 646 nulla
222 577 380 646 definitio
408 579 482 645 sive
508 579 545 644 in
563 601 666 646 unam
685 579 759 645 sive
776 579 812 644 in
829 579 916 645 duas
932 577 1066 644 Christi
1092 577 1213 645 voluu-

94 693 189 755 tates
221 686 318 753 facta
349 687 479 771 fuerat,
513 709 581 776 qua
618 685 906 753 Christicolarum
930 685 1219 755 determinaretur

95 797 281 861 sententia.

165 900 398 984 QUARTUM
410 902 668 971 demonstratur
686 903 718 969 1⁰
730 926 772 971 ex
790 903 935 971 Docum.
949 901 979 970 Ι.
995 902 1055 970 ubi
1068 903 1215 972 Pseudo-

94 1011 229 1078 Amrus
244 1011 354 1078 refert
374 1011 624 1100 Imperatorem
638 1011 769 1078 dixisse
790 1013 965 1080 «Leonem
983 1034 1055 1079 esse
1078 1012 1216 1080 Patrem

94 1118 287 1186 Maximum
312 1119 463 1185 omnium
487 1118 686 1208 praesulum
709 1120 746 1186 in
770 1119 923 1190 Concilio
947 1118 1218 1186 Chalcedonensi

95 1230 391 1312 congregatorum
412 1251 427 1285 n
455 1225 488 1290 2⁰
514 1246 555 1290 ex
579 1225 721 1292 Docum.
747 1224 824 1307 110,
851 1225 941 1315 quod
973 1225 1096 1292 recole.
1126 1225 1217 1292 3⁰ex

96 1333 244 1399 Docum.
269 1329 339 1397 ΙΙΙ.
369 1330 445 1397 illis
473 1331 589 1398 verbis
617 1330 791 1418 Eutychii
816 1331 990 1400 Alexand.
1018 1353 1039 1396 a
1062 1332 1217 1399 Pseudo-

94 1438 207 1504 Amro
232 1438 416 1526 exscriptis
442 1437 518 1506 scil.
553 1466 569 1502 a
597 1437 777 1507 Ecclesiae
807 1439 990 1506 consilium
1021 1462 1081 1526 per
1104 1440 1217 1506 Hono·

95 1547 190 1614 rium
207 1546 317 1612 fuisse
333 1547 600 1634 perturbatum»
620 1545 689 1613 Cur
706 1546 795 1613 enim
813 1569 881 1612 non
899 1569 959 1634 per
976 1546 1138 1634 Sergium
1154 1552 1219 1614 tot'-

96 1675 163 1745 que
187 1652 288 1736 alios,
309 1653 368 1744 qui
386 1654 551 1721 acerrime
575 1661 610 1721 et
633 1654 783 1742 positive
801 1660 951 1742 egerunt
974 1656 1010 1720 in
1036 1655 1217 1742 perturba·

94 1763 226 1829 tionem
241 1759 362 1843 Fidei,
375 1760 434 1827 sed
450 1783 512 1848 per
526 1759 719 1827 Honorium
738 1761 844 1824 cotom
860 1759 895 1826 id
913 1760 1046 1828 factum
1071 1760 1215 1844 dicitur,

97 1869 170 1935 nisi
197 1867 281 1958 quia
306 1868 437 1936 Doctor
460 1867 673 1934 universalis
702 1873 738 1935 et
765 1867 879 1956 Caput
908 1866 966 1934 hic
996 1870 1218 1957 putabatur?

95 1977 131 2044 4⁰
153 1979 310 2067 potestas
340 1997 502 2064 suprema
526 1975 625 2042 Rom.
651 1975 833 2043 Pontifiois
863 1975 978 2043 elucet
1001 1998 1043 2043 ex
1068 1975 1151 2044 Doc.
1171 1976 1215 2044 V.

96 2085 161 2152 VI.
188 2083 271 2152 VII.
299 2089 335 2150 et
358 2083 459 2152 VIII.
479 2106 496 2151 e
522 2084 618 2150 modo
643 2083 720 2152 scil.
747 2083 873 2171 agendi
897 2089 933 2150 et
956 2083 1119 2174 loquendi
1142 2090 1218 2152 tum

95 2194 253 2298 ipsorum
278 2191 512 2275 Pontificum,
539 2195 614 2258 tum
638 2190 792 2258 Orientis
823 2191 1088 2280 Imperatorum.
1121 2192 1219 2274 Quae

97 2301 217 2368 eadem
240 2298 455 2384 Documenta

166 2405 387 2489 QUINTUM
403 2428 537 2498 quoque
555 2411 660 2495 caput
675 2406 926 2474 demonstrant:
939 2405 975 2472 in
992 2405 1038 2473 iis
1054 2406 1145 2474 enim
1161 2429 1216 2474 su-

96 2511 249 2606 premam
273 2513 520 2581 auctoritatem
545 2513 581 2580 in
606 2513 682 2580 Rc.
711 2513 941 2582 Pontificibus
971 2513 1159 2582 exercitam
1183 2521 1219 2582 et

96 2621 257 2712 agnitam
281 2621 317 2688 in
341 2620 482 2688 Oriente
506 2626 541 2689 et
565 2621 602 2688 in
627 2621 793 2689 universa
815 2621 974 2690 Ecclesia
997 2613 1034 2688 in
1051 2622 1218 2712 quaestio-

95 2731 202 2798 nibus
227 2729 270 2796 ad
293 2729 415 2796 Fidem
439 2729 680 2818 spectantibus
703 2729 816 2820 liquet
831 2729 894 2814 ita,
911 2735 953 2797 ut
968 2729 1115 2819 exempli
1139 2753 1218 2818 gra·

96 2837 163 2920 tia,
179 2837 281 2926 quod,
301 2838 342 2902 ob
359 2837 611 2926 negligentiam
631 2837 791 2920 Honorii,
812 2857 936 2905 caussa
952 2835 1024 2905 fuit
1039 2838 1218 2926 perturba-

95 2945 205 3013 tionis
228 2944 339 3011 totius
363 2943 541 3012 Ecclesiae
559 2945 657 3030 (Doe.
676 2945 775 3030 HL),
802 2945 858 3012 sui
882 2945 1036 3012 muneris
1051 2967 1126 3023 esse
1142 2969 1218 3012 oen-

97 3051 212 3121 suerit
233 3051 387 3120 doannes
403 3060 443 3121 ut
460 3053 682 3138 dilucidaret,
698 3041 737 3122 'et
753 3053 846 3122 clare
870 3053 1026 3121 edoceret
1048 3055 1162 3142 Reges
1185 3059 1221 3121 et
1338 3121 1340 3128 ,

96 3161 232 3250 plebem
249 3159 540 3228 Christifidelium
558 3161 712 3228 omnium
729 3162 885 3250 (Docum.
905 3161 998 3246 Vt).
1023 3161 1115 3230 Sunt
1137 3183 1219 3229 vero

98 3269 268 3358 apprime,
279 3269 370 3336 hanc
383 3269 420 3336 in
436 3291 518 3352 rem,
532 3268 794 3352 consideranda,
809 3273 850 3336 ut
861 3269 969 3356 hujus
982 3268 1219 3336 annotationis

99 3375 288 3457 conclusio,
309 3377 416 3442 verba
431 3375 651 3442 Constantini
667 3375 892 3465 Imperatoris
904 3376 927 3444 J
930 3399 1072 3442 oannem
1089 3376 1218 3463 Papam

1 3473 2 3546 l
100 3483 315 3574 alloquentis
345 3483 463 3564 «Nos,
481 3483 544 3566 ait,
572 3497 699 3547 stamus
716 3485 866 3571 firmiter
891 3485 927 3547 ia
951 3483 1119 3548 Doctrina
1144 3497 1216 3564 tuo,

99 3591 231 3673 QUAE
256 3590 344 3658 EST
368 3589 607 3659 DOCTRINA
625 3589 919 3659 vestiaris.»

165 3699 253 3766 Fuit
276 3699 351 3765 Ara
373 3721 440 3764 non
463 3697 671 3766 Patriarcha
688 3697 852 3782 Orientis,
871 3705 913 3765 ut
930 3718 1107 3786 perperam
1122 3697 1217 3785 Ray·
1231 3697 1445 3806 Offigiffliu*

99 3810 239 3891 ualdus,
258 3813 294 3876 et
308 3807 517 3875 recentiores
536 3807 675 3899 quidam
692 3806 943 3874 Chaldaeorum
961 3806 1215 3890 existimavere,
1344 3793 1350 3806 ’

1 3912 3 3930 '
100 3917 160 3986 sed
174 3914 404 3984 Patriarchae
427 3915 593 3999 Orientis,
609 3939 668 3982 seu
693 3915 990 3998 Nestorianorum,
1002 3914 1168 3982 Vioarius
1183 3920 1219 3981 et

99 4026 257 4107 Rabban,
276 4046 337 4092 seu
348 4023 650 4107 Archimandrita,
665 4023 720 4090 uti
733 4021 878 4111 ipsemet
892 4043 928 4089 se
940 4019 1093 4110 appellat
1103 4020 1142 4089 in
1155 4041 1219 4087 sua

99 4132 262 4222 Epistola
278 4131 322 4200 ad
338 4129 381 4199 R.
399 4132 453 4215 P,
473 4138 580 4220 utque
596 4153 651 4198 res
669 4129 757 4220 ipsa,
775 4135 811 4196 et
825 4127 975 4195 historia
999 4127 1219 4195 Patriarcha·

99 4264 179 4310 rum
193 4240 347 4330 ipsorum
363 4237 556 4327 postulant.
573 4236 660 4304 Fuit
674 4236 838 4302 nimirum
854 4232 1041 4322 Sabarjesu
1051 4234 1094 4302 V.
1105 4233 1234 4317 Patri-⁷

100 4347 230 4418 archae
254 4345 505 4416 Chaldaeorum
531 4345 615 4434 (qui
639 4341 858 4413 Nestorianis
881 4341 1036 4432 praefuit
1065 4343 1107 4408 ab
1130 4363 1219 4408 anno
