3036 4750
795 223 836 232 -
859 183 903 250 22
927 221 971 232 ..

321 321 398 380 stus
420 310 627 378 Aedificium
651 308 829 376 Ecclesiae
852 331 947 376 suae:
974 307 1099 374 Gratia
1129 321 1164 374 et
1187 328 1329 374 munera
1353 327 1442 396 quae

320 421 454 508 accepit
468 419 594 486 Petrus
610 419 646 484 in
659 440 773 484 omnes
789 419 979 486 succedunt
992 439 1032 484 ao
1044 416 1234 484 traduntur
1247 415 1440 503 generatio·
1506 419 1507 466 l

321 548 394 594 nes:
411 525 581 593 Mediator
604 524 755 606 exsistit,
774 524 896 614 utique
912 547 1127 612 permanens,
1145 525 1281 606 Petrus,
1301 545 1342 589 ac
1354 523 1440 590 Pon·

320 635 424 717 tifex,
450 634 543 700 inter
566 655 628 699 nos
643 639 679 700 et
693 632 838 700 Filium:
854 633 1018 700 Viearius
1041 633 1079 700 in
1097 633 1216 700 Terris
1231 632 1370 700 Domini
1386 631 1443 700 sui
1506 675 1507 716 ,

321 739 442 828 Magni
454 741 620 808 Pastoris:
632 741 709 810 Non
725 748 802 808 erat
813 742 1049 828 abrogaturus
1061 741 1224 809 Christus
1235 745 1442 829 potestatem
1506 775 1507 820 ,

321 849 408 916 Filii
430 849 455 916 J
456 871 522 916 ona
553 849 645 918 sieut
668 849 855 936 abrogavit
869 847 1071 916 Salvatores
1087 856 1192 938 atque
1208 848 1365 917 Christos
1382 848 1443 938 qui

322 961 571 1044 apparuerunt,
590 955 724 1043 abipso
740 955 851 1037 missi,
870 957 907 1022 in
924 957 1035 1022 variis
1050 956 1170 1022 mundi
1186 955 1359 1022 aetatibus
1377 955 1441 1039 (1).
1506 943 1507 990 l

389 1063 537 1152 Insuper
560 1063 644 1154 quid
668 1065 867 1152 expressius
889 1065 1088 1132 testimonio
1111 1064 1147 1130 in
1172 1085 1248 1152 cap.
1270 1061 1445 1152 superiori

322 1173 424 1240 n.IV.
436 1171 585 1240 adducto
595 1192 637 1236 ex
646 1169 787 1258 Synodc
799 1169 955 1256 Dadjesu
972 1170 1016 1238 ad
1029 1170 1300 1258 perpetuitatem
1309 1169 1444 1236 Prima·

322 1287 381 1346 tus
393 1279 490 1346 Petri
507 1278 777 1345 adstruendam?
796 1277 1042 1344 Praetermitto
1060 1277 1157 1343 modo
1173 1298 1213 1343 ea
1227 1276 1441 1360 testimonia,
1506 1295 1507 1366 l

325 1408 411 1477 quae
435 1387 523 1455 dum¹
541 1386 735 1452 Primatum
749 1385 966 1454 Successoris
978 1387 1019 1453 B.
1030 1386 1128 1453 Petri
1141 1386 1179 1452 in
1192 1384 1280 1453 Sede
1288 1385 1446 1452 Romana
1506 1375 1507 1468 l

324 1493 456 1561 directe
478 1499 659 1576 asserunt,
686 1493 774 1560 hanc
799 1494 940 1561 eandem
964 1494 1149 1563 veritatem
1172 1491 1295 1575 simul,
1318 1492 1446 1559 saltem

260 1600 272 1626 ¹
325 1600 506 1684 indirecte,
522 1607 722 1688 supponunt
734 1607 838 1691 atque
851 1601 1067 1668 confirmant.
1083 1601 1150 1668 Sed
1167 1600 1315 1668 dehisce
1331 1601 1443 1667 infra.
1506 1587 1507 1648 l

390 1707 423 1776 N
425 1731 491 1775 une
516 1707 695 1776 videamus
712 1709 796 1798 quid
813 1707 855 1776 de
872 1708 1028 1776 Secundo
1043 1708 1246 1777 Nestoriani
1269 1707 1445 1774 sentiunt.

323 1818 365 1883 B.
380 1817 483 1884 Petro
506 1816 701 1904 legitimum
721 1817 757 1882 in
774 1816 860 1884 Sede
877 1839 1117 1899 successorem,
1134 1837 1174 1883 ac
1192 1815 1335 1904 proinde
1351 1815 1448 1903 ejus·
1506 1825 1507 1830 ’

325 1925 400 1992 dem
424 1925 460 1990 in
484 1925 684 1992 universam
707 1924 900 1992 Ecclesiam
923 1925 1146 2014 Prineipatus
1177 1924 1336 1991 heredem
1364 1923 1448 1990 uni-

326 2055 403 2100 cum
428 2055 500 2100 esse
523 2033 696 2100 Romanae
718 2031 895 2100 Ecclesiae
919 2031 1126 2120 Episcopum
1144 2053 1206 2120 per
1220 2029 1449 2100 Nestoriano-
1506 2019 1507 2038 ³

252 2187 254 2190 -
325 2167 401 2210 rum
425 2141 679 2210 Confessionem
705 2139 840 2229 duplici
856 2139 1132 2208 testimoniorum
1149 2161 1274 2226 genere
1291 2161 1448 2227 compro-

325 2250 441 2315 batur:
455 2247 531 2314 Uno
554 2247 704 2336 quidem,
723 2269 784 2334 per
799 2269 840 2314 ea
863 2247 976 2313 omnia
999 2246 1200 2314 testimonia
1231 2267 1319 2336 quae
1352 2246 1448 2313 dire·
1506 2231 1507 2296 Ᾰ

325 2362 379 2423 cte
400 2375 441 2422 ac
457 2355 586 2422 diserte
603 2355 727 2422 docent
739 2354 926 2421 Romanam
942 2353 1135 2422 Ecclesiam
1150 2375 1191 2422 ao
1207 2353 1283 2442 ejus
1298 2353 1447 2444 Episco-

325 2486 406 2554 pum
429 2463 555 2530 habere
579 2463 614 2528 in
639 2462 840 2530 universam
862 2462 1054 2530 Ecclesiam
1085 2462 1277 2530 Primatum
1300 2467 1451 2550 propter

325 2572 366 2639 Β.
379 2571 531 2650 Petrum,
547 2573 583 2635 et
596 2569 679 2658 quia
693 2568 886 2658 Episcopus
898 2570 1073 2638 Romanus
1088 2569 1202 2638 locum
1217 2569 1316 2636 Petri
1332 2575 1448 2654 tenet,

325 2685 361 2746 et
383 2679 478 2747 hisce
495 2678 636 2746 similia:
652 2675 719 2747 Sed
736 2680 777 2746 de
793 2679 991 2747 istiusmodi
1003 2679 1225 2763 testimoniis,
1245 2699 1333 2768 quae
1350 2685 1452 2747 certe

326 2785 483 2869 mirifice,
502 2787 570 2853 etsi
584 2785 766 2869 indirecte,
785 2785 912 2872 thesim
931 2791 1085 2852 nostram
1110 2787 1269 2872 probant,
1289 2807 1368 2852 mox
1396 2786 1451 2854 di-

326 2916 441 2962 cemus
463 2893 501 2959 in
523 2893 756 2983 paragraphis
779 2893 970 2961 distinctis.
989 2893 1150 2960 Alterum
1167 2892 1454 2960 testimoniorum

326 3024 436 3090 genus
449 3001 494 3067 iis
511 3005 647 3068 constat
662 3001 787 3091 quibus
804 3001 970 3068 historice
986 3022 1007 3066 a
1022 3001 1240 3069 Nestorianis
1256 3001 1452 3068 asseritur:

325 3109 513 3177 B.Petrum
520 3108 711 3176 Ecclesiam
726 3115 763 3175 et
779 3106 977 3176 cathedram
990 3109 1177 3176 Romanam
1189 3109 1321 3176 rexisse
1333 3129 1455 3199 usqne

326 3219 370 3286 ad
401 3218 515 3302 finem,
542 3239 659 3307 quum,
685 3217 856 3305 martyrio
879 3216 929 3284 ibi
952 3217 1110 3301 effeetus,
1129 3240 1325 3306 supremum
1353 3217 1455 3286 diem

327 3325 425 3408 obiit,
452 3325 516 3392 sub
539 3324 684 3407 Nerone,
711 3325 806 3392 eruci
830 3323 967 3392 affixus·
993 3324 1125 3392 Inutile
1149 3333 1241 3392 certe
1257 3329 1311 3392 est
1327 3325 1367 3392 in
1384 3325 1457 3394 hu·

326 3431 474 3500 iusmodi
486 3432 714 3500 monumentis
723 3432 947 3520 congerendis
959 3439 1095 3520 tempus
1104 3437 1227 3500 terere.
1239 3431 1340 3500 Nihil
1353 3434 1455 3500 enim

329 3538 512 3628 vulgatius
529 3543 591 3606 ‘est
617 3539 708 3628 apud
732 3539 959 3608 Nestorianos
989 3538 1159 3607 historica
1182 3538 1247 3606 hae
1271 3539 1456 3627 veritate,

247 3747 251 3752 .
323 3649 421 3721 itaut
444 3669 629 3738 numquam
645 3648 826 3738 quisquam
843 3670 884 3714 ex
901 3647 946 3714 iis
963 3646 1059 3714 illam
1078 3647 1114 3712 in
1131 3645 1275 3714 dubium
1299 3667 1459 3718 evocare

329 3755 438 3823 fuerit
459 3759 618 3824 tentatus
634 3755 696 3842 (2).

399 3943 441 4017 (1)
461 3947 562 3999 Recole
581 3945 749 4013 praesertim
768 3959 838 4011 quae
858 3961 944 4011 supra
962 3946 993 3998 in
1013 3961 1073 4012 cap.
1088 3946 1112 3997 I.
1127 3961 1176 3997 nn.
1192 3945 1245 3997 III.
1267 3948 1295 3996 et
1313 3945 1383 3998 VII.
1412 3965 1463 4004 re-

329 4037 446 4087 tulimus
470 4052 503 4101 en
523 4037 609 4088 officio
629 4035 906 4088 Commemorationis
925 4035 958 4087 B.
971 4035 1059 4102 Petri,
1082 4038 1110 4086 et
1130 4051 1164 4087 ex
1184 4035 1250 4086 Elia
1267 4033 1461 4095 Anbarensi.

399 4119 440 4195 (2)
459 4123 530 4176 Sane
550 4139 705 4176 successum
724 4123 810 4175 istum
834 4123 864 4174 in
884 4123 1005 4176 historia
1025 4126 1054 4175 et
1073 4123 1233 4176 oeconomia
1252 4122 1354 4176 divina
1368 4126 1465 4184 Reli-

329 4211 422 4278 giouis
443 4212 624 4266 Christianae
645 4217 702 4266 tam
722 4213 873 4278 insignem,
895 4215 1047 4276 antequam
1063 4213 1127 4278 quis
1139 4211 1308 4265 insaniendo
1324 4215 1465 4276 auderet
