3056 4756
746 131 945 200 -124-

286 280 409 340 ronum
421 256 576 348 aliosque
588 254 680 324 hunc
693 254 877 324 Sobensem
885 255 1142 342 Nestorianum,
1154 255 1276 326 decimi
1286 258 1408 348 quarti

287 365 419 434 saeculi
430 365 656 456 Scriptorem,
675 365 751 432 cum
768 364 838 432 alio
851 363 991 452 juniore
1007 363 1157 454 Ebejesu
1174 365 1231 434 vcl
1247 365 1407 456 Abdjesu

286 479 452 564 perpetuo
476 472 685 556 confudisse,
711 471 773 562 qui
796 473 860 539 sub
882 471 944 538 Pio
967 472 1031 540 IV.
1052 471 1149 543 Sum.
1167 473 1267 542 Pont.
1285 473 1322 542 in
1340 474 1407 542 Ur·

287 583 362 648 bem
384 582 574 671 profectus,
592 580 760 671 fidemque
785 579 1009 647 orthodoxam
1034 581 1223 669 professus,
1242 579 1279 647 in
1303 580 1407 648 Chal-

287 688 449 756 daeorum
465 687 707 758 Patriarcham
729 694 951 756 consecratus
975 689 1047 757 fuit
1062 689 1126 776 (1).
1145 689 1254 757 Plura
1276 689 1317 758 de
1341 689 1407 758 hoe
1508 733 1509 738 κ

286 796 440 866 Auctore
463 797 494 865 si
517 797 702 880 desideres,
729 797 824 864 adito
847 797 983 866 Assem.
1001 797 1027 866 l.
1046 821 1076 866 c.

62 929 274 983 nuasnncaron-
353 905 452 973 Elias
476 906 539 973 sub
563 904 762 972 Abrahamo
787 904 995 974 Patriarcha
1024 905 1274 995 Episcopatum
1305 905 1406 974 urbis

61 1001 255 1062 ⁸³⁵EP³⁵⁰⁰1³¹¹⁵·
286 1013 448 1080 Anbarae
460 1013 523 1100 (2),
540 1011 633 1080 circa
649 1025 776 1080 annum
792 1011 930 1082 Christi
946 1013 1023 1098 920,
1040 1016 1193 1104 gerebat.
1212 1013 1303 1103 Ejus
1319 1037 1407 1103 opus

287 1120 517 1206 chaldaicum,
544 1143 565 1187 a
587 1119 685 1188 nobis
708 1120 901 1205 laudatum,
921 1129 974 1190 est
996 1121 1086 1190 liber
1107 1145 1198 1190 unus
1214 1121 1407 1191 carminum

286 1229 324 1296 in
346 1233 420 1296 tres
442 1235 551 1298 tomos
583 1249 643 1296 seu
677 1234 796 1318 partes
819 1227 979 1314 divisus,
1006 1250 1153 1319 quarum
1176 1251 1407 1320 unaquaeque

286 1359 367 1430 pars
391 1336 547 1404 continet
569 1358 764 1420 sermones,
791 1357 964 1404 sermones
998 1359 1081 1406 vero
1105 1336 1312 1422 Centurias,
1339 1335 1407 1404 hae
1508 1339 1509 1342 ’

285 1450 402 1512 autem
426 1442 595 1532 Strophas
618 1465 679 1512 seu
702 1443 883 1512 Numeros.
909 1442 976 1512 Est
999 1444 1157 1536 equidem
1180 1467 1267 1534 opus
1297 1443 1407 1512 admi-

284 1545 391 1620 rabili
415 1555 613 1618 oontextum
636 1549 799 1633 artificio,
826 1549 1011 1618 sententiis
1034 1551 1256 1642 cScriptura
1282 1558 1318 1619 et
1340 1550 1407 1618 Pa·

285 1660 401 1727 tribus
424 1657 652 1749 undequaque
676 1658 883 1748 conquisitis
903 1662 1084 1746 refertum,
1103 1659 1140 1727 in
1164 1683 1229 1751 quo
1249 1666 1321 1727 tam
1337 1659 1408 1728 Vc-

285 1771 345 1834 tus
361 1789 463 1856 quam
470 1765 502 1836 N
505 1789 608 1835 ovum
622 1789 828 1857 percurrens
843 1773 965 1835 auctor
975 1767 1249 1850 Testamentum,
1260 1767 1302 1836 dc
1317 1767 1404 1856 Deo,

285 1874 327 1942 de
350 1873 502 1959 Christo,
529 1875 570 1942 de
593 1874 767 1958 Ecclesia,
794 1875 835 1942 de
860 1875 1115 1961 sacramentis,
1142 1876 1184 1944 de
1207 1877 1407 1946 virtutibus

285 1989 321 2050 et
344 1982 463 2068 vitiis,
489 1983 598 2074 deque
628 1983 752 2050 ceteris
783 1982 985 2071 hujusmodi
1011 1983 1178 2069 disserit,
1203 1983 1406 2051 nestoriano

284 2093 412 2173 tamen,
438 2088 551 2180 quoad
573 2087 682 2157 Verbi
704 2089 995 2174 homuntionem,
1014 2089 1141 2181 ubique
1164 2113 1279 2158 sensu.
1294 2089 1407 2157 Plura

284 2195 457 2264 habentur
480 2195 633 2283 ejusdem
664 2195 875 2286 exemplaria
907 2196 1144 2287 manuscripta
1174 2194 1346 2287 completa
1369 2202 1407 2265 et

284 2303 507 2372 nitidissimis
523 2303 784 2374 characteribus
799 2310 955 2372 exarata.
974 2305 1072 2374 Inter
1088 2312 1216 2390 cetera,
1227 2305 1407 2374 laudanda

286 2434 373 2504 quae
396 2413 433 2480 iu
455 2412 674 2482 Bibliotheca
696 2412 882 2498 Vaticana,
908 2412 945 2480 in
968 2411 1139 2482 Biblioth.
1165 2413 1406 2482 Patriarchali

287 2605 472 2618 *—

357 2716 399 2794 (1)
417 2719 599 2788 conspicitur
611 2719 667 2772 iste
678 2717 833 2786 EbedJ'caue
853 2717 982 2786 depictus
995 2719 1027 2772 in
1037 2719 1112 2774 Aula
1132 2721 1232 2776 sacelli
1242 2721 1355 2775 Sixtini
1368 2721 1407 2775 ad
1508 2715 1509 2730 ¹

286 2811 465 2877 Vaticanum,
478 2812 507 2868 ct
524 2808 631 2862 dicitur
650 2809 745 2874 etiam,
760 2804 911 2894 antequam
925 2808 962 2860 ad
978 2824 1043 2862 suos
1057 2809 1175 2878 rediret,
1192 2810 1320 2864 sessioni
1333 2811 1406 2863 ulti-

285 2917 346 2954 mae
360 2900 481 2953 Concilii
500 2898 664 2951 Tridentini
682 2899 861 2952 interfuisse.
887 2899 992 2952 Auctor
1009 2899 1057 2952 hic
1075 2903 1120 2952 est
1138 2900 1273 2953 carminis
1292 2901 1324 2952 in
1342 2901 1405 2953 lau·

287 2992 349 3044 dem
366 2992 469 3057 Papae,
485 2993 514 3042 et
526 2990 646 3042 alteriue
665 2988 699 3042 de
712 2989 775 3042 rita
794 2993 823 3042 et
841 2989 932 3055 gestis
946 2989 1403 3043 SulakaeJoaunisPatriarchae.

286 3081 401 3136 Videsis
420 3082 453 3132 P.
474 3079 675 3133 StrozzamDe
694 3079 880 3144 Dogmatibus
900 3083 930 3130 et
942 3078 1134 3145 Synodalibue
1146 3079 1350 3132 chaldaeorum
1367 3079 1405 3132 ad
1508 3121 1509 3140 ,

285 3173 398 3239 calcem,
420 3174 449 3224 et
467 3170 517 3223 cit.
530 3169 638 3225 Assem.
652 3169 684 3220 B.
700 3170 732 3223 0.
747 3174 770 3222 t.
787 3169 812 3222 1.
827 3183 892 3236 pag.
907 3167 960 3220 539
979 3175 1008 3221 et
1026 3172 1050 3222 t.
1065 3169 1091 3220 2.
1106 3184 1170 3235 pag.
1186 3167 1240 3220 456
1260 3170 1290 3221 et
1300 3169 1366 3220 497.

357 3260 399 3338 (2)
415 3262 547 3325 Anbara,
570 3262 643 3314 alias
661 3261 892 3328 Pharon-Sapor,
915 3261 983 3313 urbs
1002 3263 1065 3312 erat
1082 3259 1262 3328 Episcopalis
1280 3260 1312 3312 in
1331 3261 1404 3312 Pro·

286 3355 383 3408 vincia
400 3351 572 3418 Primatiali,
588 3355 648 3402 tum
659 3351 852 3404 Patriarchali
871 3349 1076 3403 Chaldaeorum
1094 3349 1129 3402 ad
1149 3348 1324 3417 Euphratem
1343 3349 1407 3403 sita

286 3461 303 3498 a
329 3441 461 3509 Bagdado
490 3441 659 3508 parasangis
691 3440 783 3493 decern
811 3440 934 3493 distans.
964 3439 1038 3492 Bina
1064 3438 1170 3492 ibidem
1197 3438 1405 3494 Chaldaeorum
1508 3463 1509 3488 ÷

240 3539 244 3547 '
285 3535 419 3588 coenobia
439 3531 612 3598 totidemque
627 3531 760 3584 ccclesiae
777 3531 926 3595 exstitere
948 3529 1058 3583 scilieet
1075 3530 1164 3582 Jouae
1184 3532 1214 3581 et
1232 3531 1261 3584 S.
1276 3529 1403 3595 cyriaci.
1508 3559 1509 3574 .

286 3625 454 3678 Ooenobium
472 3624 561 3676 Jonae
580 3639 597 3675 a
615 3621 765 3675 fundatore
792 3621 960 3686 homonyme
986 3619 1124 3684 originem
1150 3619 1268 3687 habuit,
1291 3635 1346 3672 une
1367 3637 1405 3673 ex

284 3715 386 3782 primis
404 3713 554 3782 discipulis
580 3713 608 3767 S.
629 3712 751 3778 Eugenii
777 3711 855 3764 vitae
878 3711 1052 3763 Menoeticae
1072 3710 1146 3777 apud
1166 3711 1331 3764 Orientales
1352 3725 1405 3764 sen

284 3805 524 3872 Syro-Chaldaeos
542 3804 686 3870 Parentis,
702 3807 731 3856 et
744 3805 811 3854 ante
824 3801 946 3855 concilii
965 3802 1084 3854 Nicacni
1105 3804 1233 3868 tempora
1250 3801 1403 3853 instituto·

283 3896 334 3948 ria.
364 3895 441 3948 Idem
466 3895 556 3947 Jonae
575 3893 738 3946 coenobium
762 3893 813 3945 sub
836 3893 971 3946 Mar-Aba
990 3892 1158 3944 Patriarcha
1177 3891 1251 3945 circa
1276 3890 1401 3945 ambit).

283 3983 480 4037 Ebedmessiae
500 3981 847 4049 Hirteusisinstauravit,
857 3982 1067 4036 Metuacchelue
1080 3983 1175 4034 autem
1187 3978 1314 4034 Arabum
1328 3979 1402 4034 (lha-

284 4074 366 4140 lipha
384 4074 458 4126 circa
471 4088 517 4125 au.
532 4074 585 4126 852
600 4074 658 4126 eolo
671 4073 816 4140 aequavit,
830 4088 887 4126 una
899 4089 961 4126 cum
974 4074 1064 4126 alteru
1082 4071 1110 4124 S.
1123 4070 1238 4137 cyriaci
1251 4071 1399 4140 coenobio,
1508 4081 1509 4142 j

283 4161 470 4230 plurimisque
488 4161 555 4215 aliis
573 4162 806 4218 Nestorianorum
825 4163 961 4216 Ecoleaiis
980 4165 1010 4216 ct
1028 4161 1221 4216 monasteriis.
