<?xml version="1.0" encoding="UTF-8"?>
<!DOCTYPE html PUBLIC "-//W3C//DTD XHTML 1.0 Transitional//EN"
    "http://www.w3.org/TR/xhtml1/DTD/xhtml1-transitional.dtd">
<html xmlns="http://www.w3.org/1999/xhtml" xml:lang="en" lang="en">
 <head>
  <title>
</title>
<meta http-equiv="Content-Type" content="text/html;charset=utf-8" />
  <meta name='ocr-system' content='tesseract 3.04.00' />
  <meta name='ocr-capabilities' content='ocr_page ocr_carea ocr_par ocr_line ocrx_word'/>
</head>
<body>
  <div class='ocr_page' id='page_1' title='image "./syriorientaless00khaygoog_0155.png"; bbox 0 0 3046 4756; ppageno 0'>
   <div class='ocr_carea' id='block_1_1' title="bbox 729 168 929 238">
    <p class='ocr_par' dir='ltr' id='par_1_1' title="bbox 729 168 929 238">
     <span class='ocr_line' id='line_1_1' title="bbox 729 168 929 238; baseline -0.015 0"><span class='ocrx_word' id='word_1_1' title='bbox 729 168 929 238; x_wconf 77' lang='lat' dir='ltr'>-lae-</span> 
     </span>
    </p>
   </div>
   <div class='ocr_carea' id='block_1_2' title="bbox 182 277 1404 3295">
    <p class='ocr_par' dir='ltr' id='par_1_2' title="bbox 182 277 1404 3295">
     <span class='ocr_line' id='line_1_2' title="bbox 254 277 1393 383; baseline -0.005 -16"><span class='ocrx_word' id='word_1_2' title='bbox 254 277 390 367; x_wconf 89' lang='lat' dir='ltr'>&#39;rianae</span> <span class='ocrx_word' id='word_1_3' title='bbox 405 295 444 364; x_wconf 92' lang='lat' dir='ltr'>in</span> <span class='ocrx_word' id='word_1_4' title='bbox 459 289 716 383; x_wconf 73' lang='lat' dir='ltr'>Metopotamia,</span> <span class='ocrx_word' id='word_1_5' title='bbox 742 317 761 362; x_wconf 89' lang='grc'>0</span> <span class='ocrx_word' id='word_1_6' title='bbox 785 293 911 363; x_wconf 83' lang='lat' dir='ltr'>Schola</span> <span class='ocrx_word' id='word_1_7' title='bbox 925 291 1103 361; x_wconf 83' lang='lat' dir='ltr'><strong>Edessena</strong></span> <span class='ocrx_word' id='word_1_8' title='bbox 1125 313 1197 360; x_wconf 91' lang='lat' dir='ltr'>una</span> <span class='ocrx_word' id='word_1_9' title='bbox 1220 315 1297 362; x_wconf 90' lang='lat' dir='ltr'>cum</span> <span class='ocrx_word' id='word_1_10' title='bbox 1312 291 1393 382; x_wconf 91' lang='lat' dir='ltr'>pln-</span> 
     </span>
     <span class='ocr_line' id='line_1_3' title="bbox 271 401 1394 494; baseline -0.005 -20"><span class='ocrx_word' id='word_1_11' title='bbox 271 407 370 474; x_wconf 89' lang='lat' dir='ltr'>rlbus</span> <span class='ocrx_word' id='word_1_12' title='bbox 392 403 474 472; x_wconf 89' lang='lat' dir='ltr'>aliis</span> <span class='ocrx_word' id='word_1_13' title='bbox 497 403 599 473; x_wconf 88' lang='lat' dir='ltr'>sociis</span> <span class='ocrx_word' id='word_1_14' title='bbox 621 403 805 494; x_wconf 85' lang='lat' dir='ltr'>expulsus,</span> <span class='ocrx_word' id='word_1_15' title='bbox 831 401 1072 471; x_wconf 83' lang='lat' dir='ltr'>celeberrimae</span> <span class='ocrx_word' id='word_1_16' title='bbox 1101 401 1394 472; x_wconf 85' lang='lat' dir='ltr'>Nestorianorum</span> 
     </span>
     <span class='ocr_line' id='line_1_4' title="bbox 256 509 1392 606; baseline -0.004 -24"><span class='ocrx_word' id='word_1_17' title='bbox 256 512 457 606; x_wconf 59' lang='lat' dir='ltr'>,Nisibenos</span> <span class='ocrx_word' id='word_1_18' title='bbox 480 511 626 582; x_wconf 84' lang='lat' dir='ltr'>Scholae</span> <span class='ocrx_word' id='word_1_19' title='bbox 649 511 792 580; x_wconf 83' lang='lat' dir='ltr'>exstitit</span> <span class='ocrx_word' id='word_1_20' title='bbox 812 511 977 579; x_wconf 83' lang='lat' dir='ltr'>fundator</span> <span class='ocrx_word' id='word_1_21' title='bbox 1004 517 1040 579; x_wconf 85' lang='lat' dir='ltr'>at</span> <span class='ocrx_word' id='word_1_22' title='bbox 1065 511 1284 600; x_wconf 73' lang='lat' dir='ltr'>Praeceptor.</span> <span class='ocrx_word' id='word_1_23' title='bbox 1315 509 1392 578; x_wconf 89' lang='lat' dir='ltr'>Hoc</span> 
     </span>
     <span class='ocr_line' id='line_1_5' title="bbox 270 617 1393 710; baseline -0.004 -22"><span class='ocrx_word' id='word_1_24' title='bbox 270 644 411 690; x_wconf 85' lang='lat' dir='ltr'>munere</span> <span class='ocrx_word' id='word_1_25' title='bbox 433 621 610 690; x_wconf 85' lang='lat' dir='ltr'>Nersaeus</span> <span class='ocrx_word' id='word_1_26' title='bbox 640 643 701 709; x_wconf 89' lang='lat' dir='ltr'>per</span> <span class='ocrx_word' id='word_1_27' title='bbox 733 617 989 710; x_wconf 72' lang='lat' dir='ltr'>quinquaginta</span> <span class='ocrx_word' id='word_1_28' title='bbox 1017 641 1136 704; x_wconf 90' lang='lat' dir='ltr'>annos,</span> <span class='ocrx_word' id='word_1_29' title='bbox 1156 617 1282 686; x_wconf 85' lang='lat' dir='ltr'>eximia</span> <span class='ocrx_word' id='word_1_30' title='bbox 1312 639 1393 685; x_wconf 90' lang='lat' dir='ltr'>cum</span> 
     </span>
     <span class='ocr_line' id='line_1_6' title="bbox 270 724 1392 817; baseline -0.005 -21"><span class='ocrx_word' id='word_1_31' title='bbox 270 729 386 814; x_wconf 91' lang='lat' dir='ltr'>laude,</span> <span class='ocrx_word' id='word_1_32' title='bbox 396 734 432 798; x_wconf 90' lang='lat' dir='ltr'>et</span> <span class='ocrx_word' id='word_1_33' title='bbox 444 727 657 796; x_wconf 77' lang='lat' dir='ltr'>Auditorum</span> <span class='ocrx_word' id='word_1_34' title='bbox 670 726 849 795; x_wconf 87' lang='lat' dir='ltr'>affluentia</span> <span class='ocrx_word' id='word_1_35' title='bbox 864 727 1028 817; x_wconf 82' lang='lat' dir='ltr'>fungens,</span> <span class='ocrx_word' id='word_1_36' title='bbox 1043 727 1116 795; x_wconf 83' lang='lat' dir='ltr'>fuit</span> <span class='ocrx_word' id='word_1_37' title='bbox 1131 724 1273 815; x_wconf 83' lang='lat' dir='ltr'>insuper</span> <span class='ocrx_word' id='word_1_38' title='bbox 1285 724 1392 792; x_wconf 89' lang='lat' dir='ltr'>hexa-</span> 
     </span>
     <span class='ocr_line' id='line_1_7' title="bbox 256 833 1392 926; baseline -0.004 -21"><span class='ocrx_word' id='word_1_39' title='bbox 256 837 402 926; x_wconf 75' lang='lat' dir='ltr'>¹syllabi</span> <span class='ocrx_word' id='word_1_40' title='bbox 432 834 603 904; x_wconf 83' lang='lat' dir='ltr'>Carminis</span> <span class='ocrx_word' id='word_1_41' title='bbox 634 834 833 918; x_wconf 80' lang='lat' dir='ltr'>inventor,</span> <span class='ocrx_word' id='word_1_42' title='bbox 850 857 919 902; x_wconf 91' lang='grc'><strong>11011</strong></span> <span class='ocrx_word' id='word_1_43' title='bbox 951 857 1050 904; x_wconf 88' lang='lat' dir='ltr'>secus</span> <span class='ocrx_word' id='word_1_44' title='bbox 1081 856 1121 903; x_wconf 90' lang='lat' dir='ltr'>ac</span> <span class='ocrx_word' id='word_1_45' title='bbox 1151 833 1392 924; x_wconf 84' lang='lat' dir='ltr'>pentasyllabi</span> 
     </span>
     <span class='ocr_line' id='line_1_8' title="bbox 269 942 1391 1032; baseline -0.001 -21"><span class='ocrx_word' id='word_1_46' title='bbox 269 943 433 1028; x_wconf 86' lang='lat' dir='ltr'>Balaeus,</span> <span class='ocrx_word' id='word_1_47' title='bbox 459 942 698 1032; x_wconf 84' lang='lat' dir='ltr'>heptasyllabi</span> <span class='ocrx_word' id='word_1_48' title='bbox 721 942 925 1032; x_wconf 88' lang='lat' dir='ltr'>Epraemus,</span> <span class='ocrx_word' id='word_1_49' title='bbox 951 949 987 1011; x_wconf 92' lang='grc'>01</span> <span class='ocrx_word' id='word_1_50' title='bbox 1011 942 1270 1031; x_wconf 86' lang='lat' dir='ltr'>dodecasyllabi</span> <span class='ocrx_word' id='word_1_51' title='bbox 1288 942 1391 1010; x_wconf 83' lang='lat' dir='ltr'>Jaco-</span> 
     </span>
     <span class='ocr_line' id='line_1_9' title="bbox 271 1050 1390 1142; baseline -0.004 -21"><span class='ocrx_word' id='word_1_52' title='bbox 271 1054 346 1121; x_wconf 88' lang='lat' dir='ltr'>bus.</span> <span class='ocrx_word' id='word_1_53' title='bbox 361 1053 485 1142; x_wconf 90' lang='lat' dir='ltr'>Itaque</span> <span class='ocrx_word' id='word_1_54' title='bbox 499 1051 759 1140; x_wconf 87' lang='lat' dir='ltr'>elegantissima</span> <span class='ocrx_word' id='word_1_55' title='bbox 770 1050 917 1139; x_wconf 91' lang='lat' dir='ltr'>reliquit</span> <span class='ocrx_word' id='word_1_56' title='bbox 932 1051 1042 1119; x_wconf 89' lang='lat' dir='ltr'>omnis</span> <span class='ocrx_word' id='word_1_57' title='bbox 1055 1051 1206 1141; x_wconf 81' lang='lat' dir='ltr'>generis,</span> <span class='ocrx_word' id='word_1_58' title='bbox 1221 1050 1390 1118; x_wconf 91' lang='lat' dir='ltr'>omnium-</span> 
     </span>
     <span class='ocr_line' id='line_1_10' title="bbox 270 1158 1389 1252; baseline -0.001 -25"><span class='ocrx_word' id='word_1_59' title='bbox 270 1183 336 1252; x_wconf 85' lang='lat' dir='ltr'>que</span> <span class='ocrx_word' id='word_1_60' title='bbox 360 1161 466 1228; x_wconf 81' lang='lat' dir='ltr'>ferme</span> <span class='ocrx_word' id='word_1_61' title='bbox 490 1159 714 1228; x_wconf 77' lang='lat' dir='ltr'>scientiarum</span> <span class='ocrx_word' id='word_1_62' title='bbox 739 1158 928 1243; x_wconf 90' lang='lat' dir='ltr'>volumina,</span> <span class='ocrx_word' id='word_1_63' title='bbox 947 1159 985 1226; x_wconf 92' lang='lat' dir='ltr'>in</span> <span class='ocrx_word' id='word_1_64' title='bbox 1003 1160 1128 1250; x_wconf 87' lang='lat' dir='ltr'>quibus</span> <span class='ocrx_word' id='word_1_65' title='bbox 1144 1164 1284 1249; x_wconf 89' lang='lat' dir='ltr'>praeter</span> <span class='ocrx_word' id='word_1_66' title='bbox 1307 1158 1389 1226; x_wconf 89' lang='lat' dir='ltr'>hae-</span> 
     </span>
     <span class='ocr_line' id='line_1_11' title="bbox 270 1266 1389 1360; baseline -0.003 -23"><span class='ocrx_word' id='word_1_67' title='bbox 270 1269 375 1337; x_wconf 81' lang='lat' dir='ltr'>resim</span> <span class='ocrx_word' id='word_1_68' title='bbox 389 1268 634 1338; x_wconf 87' lang='lat' dir='ltr'>Nestorianam</span> <span class='ocrx_word' id='word_1_69' title='bbox 650 1267 742 1336; x_wconf 91' lang='lat' dir='ltr'>nihil</span> <span class='ocrx_word' id='word_1_70' title='bbox 759 1269 831 1360; x_wconf 85' lang='lat' dir='ltr'>fere</span> <span class='ocrx_word' id='word_1_71' title='bbox 847 1267 1091 1358; x_wconf 88' lang='lat' dir='ltr'>reprehendas,</span> <span class='ocrx_word' id='word_1_72' title='bbox 1109 1267 1222 1336; x_wconf 90' lang='lat' dir='ltr'>multa</span> <span class='ocrx_word' id='word_1_73' title='bbox 1244 1267 1282 1335; x_wconf 92' lang='lat' dir='ltr'>in</span> <span class='ocrx_word' id='word_1_74' title='bbox 1296 1266 1389 1356; x_wconf 68' lang='lat' dir='ltr'>&#39;dog-</span> 
     </span>
     <span class='ocr_line' id='line_1_12' title="bbox 270 1375 1389 1466; baseline -0.002 -22"><span class='ocrx_word' id='word_1_75' title='bbox 270 1382 400 1444; x_wconf 90' lang='lat' dir='ltr'>matum</span> <span class='ocrx_word' id='word_1_76' title='bbox 425 1375 674 1446; x_wconf 89' lang='lat' dir='ltr'>oatholicorum</span> <span class='ocrx_word' id='word_1_77' title='bbox 692 1377 985 1446; x_wconf 85' lang='lat' dir='ltr'>confirmationem</span> <span class='ocrx_word' id='word_1_78' title='bbox 1000 1377 1166 1466; x_wconf 89' lang='lat' dir='ltr'>reperias.</span> <span class='ocrx_word' id='word_1_79' title='bbox 1193 1377 1310 1446; x_wconf 89' lang='lat' dir='ltr'>Pauca</span> <span class='ocrx_word' id='word_1_80' title='bbox 1332 1399 1389 1443; x_wconf 87' lang='lat' dir='ltr'>su-</span> 
     </span>
     <span class='ocr_line' id='line_1_13' title="bbox 262 1482 1390 1573; baseline -0.003 -21"><span class='ocrx_word' id='word_1_81' title='bbox 262 1489 419 1573; x_wconf 71' lang='lat' dir='ltr'>&#39;pereunt</span> <span class='ocrx_word' id='word_1_82' title='bbox 441 1507 483 1552; x_wconf 88' lang='lat' dir='ltr'>ex</span> <span class='ocrx_word' id='word_1_83' title='bbox 508 1482 584 1571; x_wconf 84' lang='lat' dir='ltr'>ejus</span> <span class='ocrx_word' id='word_1_84' title='bbox 611 1482 914 1551; x_wconf 83' lang='lat' dir='ltr'>lucubrationibus</span> <span class='ocrx_word' id='word_1_85' title='bbox 938 1483 974 1550; x_wconf 92' lang='lat' dir='ltr'>in</span> <span class='ocrx_word' id='word_1_86' title='bbox 998 1483 1264 1572; x_wconf 87' lang='lat' dir='ltr'>manuscriptis,</span> <span class='ocrx_word' id='word_1_87' title='bbox 1296 1482 1390 1551; x_wconf 89' lang='lat' dir='ltr'>inter</span> 
     </span>
     <span class='ocr_line' id='line_1_14' title="bbox 272 1589 1390 1682; baseline -0.002 -24"><span class='ocrx_word' id='word_1_88' title='bbox 272 1612 357 1682; x_wconf 86' lang='lat' dir='ltr'>quas</span> <span class='ocrx_word' id='word_1_89' title='bbox 388 1591 499 1680; x_wconf 91' lang='lat' dir='ltr'>primo</span> <span class='ocrx_word' id='word_1_90' title='bbox 526 1589 600 1658; x_wconf 90' lang='lat' dir='ltr'>loco</span> <span class='ocrx_word' id='word_1_91' title='bbox 632 1595 716 1658; x_wconf 87' lang='lat' dir='ltr'>sunt</span> <span class='ocrx_word' id='word_1_92' title='bbox 747 1595 839 1658; x_wconf 88' lang='lat' dir='ltr'>certe</span> <span class='ocrx_word' id='word_1_93' title='bbox 870 1589 1088 1657; x_wconf 88' lang='lat' dir='ltr'>memoranda</span> <span class='ocrx_word' id='word_1_94' title='bbox 1120 1589 1293 1674; x_wconf 90' lang='lat' dir='ltr'>carmina,</span> <span class='ocrx_word' id='word_1_95' title='bbox 1328 1611 1390 1657; x_wconf 90' lang='lat' dir='ltr'>seu</span> 
     </span>
     <span class='ocr_line' id='line_1_15' title="bbox 220 1697 1404 1792; baseline -0.002 -26"><span class='ocrx_word' id='word_1_96' title='bbox 220 1779 230 1792; x_wconf 24' lang='grc' dir='ltr'>ἢ</span> <span class='ocrx_word' id='word_1_97' title='bbox 272 1722 444 1768; x_wconf 88' lang='lat' dir='ltr'>sermones</span> <span class='ocrx_word' id='word_1_98' title='bbox 468 1698 509 1768; x_wconf 93' lang='lat' dir='ltr'>de</span> <span class='ocrx_word' id='word_1_99' title='bbox 532 1697 800 1788; x_wconf 89' lang='lat' dir='ltr'>Dispensatione</span> <span class='ocrx_word' id='word_1_100' title='bbox 817 1697 1000 1766; x_wconf 90' lang='lat' dir='ltr'>Dominica</span> <span class='ocrx_word' id='word_1_101' title='bbox 1018 1697 1149 1790; x_wconf 90' lang='lat' dir='ltr'>aliique</span> <span class='ocrx_word' id='word_1_102' title='bbox 1172 1721 1193 1764; x_wconf 92' lang='lat' dir='ltr'>a</span> <span class='ocrx_word' id='word_1_103' title='bbox 1215 1697 1316 1766; x_wconf 89' lang='lat' dir='ltr'>nobis</span> <span class='ocrx_word' id='word_1_104' title='bbox 1339 1697 1404 1775; x_wconf 62' lang='lat' dir='ltr'>al-v</span> 
     </span>
     <span class='ocr_line' id='line_1_16' title="bbox 269 1805 1388 1898; baseline 0 -24"><span class='ocrx_word' id='word_1_105' title='bbox 269 1807 399 1898; x_wconf 87' lang='lat' dir='ltr'>legati,</span> <span class='ocrx_word' id='word_1_106' title='bbox 418 1807 479 1898; x_wconf 93' lang='lat' dir='ltr'>qui</span> <span class='ocrx_word' id='word_1_107' title='bbox 506 1812 648 1876; x_wconf 88' lang='lat' dir='ltr'>exstant</span> <span class='ocrx_word' id='word_1_108' title='bbox 670 1806 708 1872; x_wconf 92' lang='lat' dir='ltr'>in</span> <span class='ocrx_word' id='word_1_109' title='bbox 732 1829 800 1874; x_wconf 93' lang='lat' dir='ltr'>uno</span> <span class='ocrx_word' id='word_1_110' title='bbox 823 1805 999 1875; x_wconf 85' lang='lat' dir='ltr'>volumine</span> <span class='ocrx_word' id='word_1_111' title='bbox 1021 1807 1059 1874; x_wconf 92' lang='lat' dir='ltr'>in</span> <span class='ocrx_word' id='word_1_112' title='bbox 1083 1805 1305 1875; x_wconf 88' lang='lat' dir='ltr'>bibliothecis</span> <span class='ocrx_word' id='word_1_113' title='bbox 1330 1827 1388 1874; x_wconf 92' lang='grc'><strong>110-</strong></span> 
     </span>
     <span class='ocr_line' id='line_1_17' title="bbox 273 1914 1389 2005; baseline -0.004 -21"><span class='ocrx_word' id='word_1_114' title='bbox 273 1922 426 1984; x_wconf 89' lang='lat' dir='ltr'>strarum</span> <span class='ocrx_word' id='word_1_115' title='bbox 437 1915 674 1984; x_wconf 86' lang='lat' dir='ltr'>Ecclesiarum</span> <span class='ocrx_word' id='word_1_116' title='bbox 690 1914 725 1982; x_wconf 88' lang='lat' dir='ltr'>in</span> <span class='ocrx_word' id='word_1_117' title='bbox 738 1914 986 2005; x_wconf 85' lang='lat' dir='ltr'>Mesopotamia</span> <span class='ocrx_word' id='word_1_118' title='bbox 1001 1921 1036 1984; x_wconf 92' lang='lat' dir='ltr'>et</span> <span class='ocrx_word' id='word_1_119' title='bbox 1051 1915 1216 2002; x_wconf 89' lang='lat' dir='ltr'>Assyria.</span> <span class='ocrx_word' id='word_1_120' title='bbox 1233 1915 1389 1983; x_wconf 89' lang='lat' dir='ltr'>Deerant</span> 
     </span>
     <span class='ocr_line' id='line_1_18' title="bbox 270 2017 1388 2110; baseline -0.004 -16"><span class='ocrx_word' id='word_1_121' title='bbox 270 2023 418 2108; x_wconf 90' lang='lat' dir='ltr'>omnino,</span> <span class='ocrx_word' id='word_1_122' title='bbox 431 2023 553 2092; x_wconf 89' lang='lat' dir='ltr'>saltem</span> <span class='ocrx_word' id='word_1_123' title='bbox 566 2022 624 2090; x_wconf 92' lang='grc'><strong>1110</strong></span> <span class='ocrx_word' id='word_1_124' title='bbox 635 2023 762 2091; x_wconf 90' lang='lat' dir='ltr'>Romae</span> <span class='ocrx_word' id='word_1_125' title='bbox 776 2017 837 2110; x_wconf 77' lang='lat'>(1),</span> <span class='ocrx_word' id='word_1_126' title='bbox 849 2023 982 2092; x_wconf 89' lang='lat' dir='ltr'>codices</span> <span class='ocrx_word' id='word_1_127' title='bbox 998 2022 1214 2091; x_wconf 88' lang='lat' dir='ltr'>continentes</span> <span class='ocrx_word' id='word_1_128' title='bbox 1225 2023 1260 2092; x_wconf 91' lang='lat' dir='ltr'>N</span> <span class='ocrx_word' id='word_1_129' title='bbox 1261 2023 1388 2092; x_wconf 88' lang='lat' dir='ltr'>arsetis</span> 
     </span>
     <span class='ocr_line' id='line_1_19' title="bbox 269 2129 1387 2217; baseline -0.004 -15"><span class='ocrx_word' id='word_1_130' title='bbox 269 2130 432 2202; x_wconf 79' lang='lat' dir='ltr'>Carmina</span> <span class='ocrx_word' id='word_1_131' title='bbox 448 2130 639 2217; x_wconf 83' lang='lat' dir='ltr'>chaldaica3</span> <span class='ocrx_word' id='word_1_132' title='bbox 661 2136 697 2198; x_wconf 92' lang='lat' dir='ltr'>et</span> <span class='ocrx_word' id='word_1_133' title='bbox 712 2129 847 2198; x_wconf 88' lang='lat' dir='ltr'>diutius</span> <span class='ocrx_word' id='word_1_134' title='bbox 860 2130 973 2198; x_wconf 90' lang='lat' dir='ltr'>adhuc</span> <span class='ocrx_word' id='word_1_135' title='bbox 990 2130 1196 2213; x_wconf 84' lang='lat' dir='ltr'>abfuissent,</span> <span class='ocrx_word' id='word_1_136' title='bbox 1210 2129 1280 2198; x_wconf 88' lang='lat' dir='ltr'>nisi</span> <span class='ocrx_word' id='word_1_137' title='bbox 1296 2130 1387 2198; x_wconf 88' lang='lat' dir='ltr'>alias</span> 
     </span>
     <span class='ocr_line' id='line_1_20' title="bbox 182 2237 1384 2328; baseline -0.001 -21"><span class='ocrx_word' id='word_1_138' title='bbox 182 2309 184 2314; x_wconf 78' lang='grc'>,</span> <span class='ocrx_word' id='word_1_139' title='bbox 267 2239 433 2308; x_wconf 86' lang='lat' dir='ltr'>laudatus</span> <span class='ocrx_word' id='word_1_140' title='bbox 446 2239 488 2308; x_wconf 86' lang='lat' dir='ltr'>D.</span> <span class='ocrx_word' id='word_1_141' title='bbox 501 2237 525 2306; x_wconf 83' lang='lat' dir='ltr'><strong>J</strong></span> <span class='ocrx_word' id='word_1_142' title='bbox 527 2261 575 2307; x_wconf 84' lang='lat' dir='ltr'>os.</span> <span class='ocrx_word' id='word_1_143' title='bbox 590 2237 705 2307; x_wconf 90' lang='lat' dir='ltr'>David</span> <span class='ocrx_word' id='word_1_144' title='bbox 723 2239 895 2328; x_wconf 89' lang='lat' dir='ltr'>superiori</span> <span class='ocrx_word' id='word_1_145' title='bbox 907 2260 995 2306; x_wconf 90' lang='lat' dir='ltr'>anno</span> <span class='ocrx_word' id='word_1_146' title='bbox 1011 2237 1049 2308; x_wconf 89' lang='lat' dir='ltr'>h.</span> <span class='ocrx_word' id='word_1_147' title='bbox 1063 2261 1094 2307; x_wconf 88' lang='lat' dir='ltr'>e.</span> <span class='ocrx_word' id='word_1_148' title='bbox 1109 2239 1209 2306; x_wconf 83' lang='lat'>1869.</span> <span class='ocrx_word' id='word_1_149' title='bbox 1224 2238 1384 2323; x_wconf 86' lang='lat' dir='ltr'>Mossuli,</span> 
     </span>
     <span class='ocr_line' id='line_1_21' title="bbox 268 2347 1387 2438; baseline 0.001 -24"><span class='ocrx_word' id='word_1_150' title='bbox 268 2371 320 2416; x_wconf 94' lang='lat' dir='ltr'>me</span> <span class='ocrx_word' id='word_1_151' title='bbox 338 2353 494 2432; x_wconf 89' lang='lat' dir='ltr'>curante,</span> <span class='ocrx_word' id='word_1_152' title='bbox 521 2369 628 2415; x_wconf 88' lang='lat' dir='ltr'>unum</span> <span class='ocrx_word' id='word_1_153' title='bbox 647 2347 823 2436; x_wconf 86' lang='lat' dir='ltr'>exemplar</span> <span class='ocrx_word' id='word_1_154' title='bbox 840 2369 882 2414; x_wconf 84' lang='lat' dir='ltr'>ex</span> <span class='ocrx_word' id='word_1_155' title='bbox 905 2347 1035 2414; x_wconf 91' lang='lat' dir='ltr'>nostris</span> <span class='ocrx_word' id='word_1_156' title='bbox 1058 2347 1306 2438; x_wconf 89' lang='lat' dir='ltr'>manuscriptis</span> <span class='ocrx_word' id='word_1_157' title='bbox 1329 2371 1387 2416; x_wconf 87' lang='lat' dir='ltr'>ex·</span> 
     </span>
     <span class='ocr_line' id='line_1_22' title="bbox 269 2453 1384 2546; baseline -0.001 -21"><span class='ocrx_word' id='word_1_158' title='bbox 269 2455 419 2525; x_wconf 89' lang='lat' dir='ltr'>scribere</span> <span class='ocrx_word' id='word_1_159' title='bbox 446 2455 606 2540; x_wconf 86' lang='lat' dir='ltr'>fecisset,</span> <span class='ocrx_word' id='word_1_160' title='bbox 629 2455 823 2544; x_wconf 89' lang='lat' dir='ltr'>sumptibus</span> <span class='ocrx_word' id='word_1_161' title='bbox 847 2456 883 2523; x_wconf 87' lang='lat' dir='ltr'>S.</span> <span class='ocrx_word' id='word_1_162' title='bbox 902 2454 939 2522; x_wconf 84' lang='grc'><strong>(1.</strong></span> <span class='ocrx_word' id='word_1_163' title='bbox 959 2455 1000 2523; x_wconf 89' lang='lat' dir='ltr'>de</span> <span class='ocrx_word' id='word_1_164' title='bbox 1023 2453 1253 2546; x_wconf 85' lang='lat' dir='ltr'>Propaganda</span> <span class='ocrx_word' id='word_1_165' title='bbox 1274 2455 1384 2542; x_wconf 84' lang='lat' dir='ltr'>Fide,</span> 
     </span>
     <span class='ocr_line' id='line_1_23' title="bbox 269 2562 1384 2653; baseline -0.002 -21"><span class='ocrx_word' id='word_1_166' title='bbox 269 2586 331 2653; x_wconf 89' lang='lat' dir='ltr'>pro</span> <span class='ocrx_word' id='word_1_167' title='bbox 352 2563 540 2632; x_wconf 77' lang='grc'><strong>(10111111).</strong></span> <span class='ocrx_word' id='word_1_168' title='bbox 558 2562 862 2648; x_wconf 83' lang='grc' dir='ltr'><strong>Β111110111000,11111</strong></span> <span class='ocrx_word' id='word_1_169' title='bbox 878 2562 980 2631; x_wconf 91' lang='lat' dir='ltr'>hodie</span> <span class='ocrx_word' id='word_1_170' title='bbox 995 2570 1210 2648; x_wconf 89' lang='lat' dir='ltr'>asservatur,</span> <span class='ocrx_word' id='word_1_171' title='bbox 1226 2564 1384 2653; x_wconf 86' lang='lat' dir='ltr'>dignum,</span> 
     </span>
     <span class='ocr_line' id='line_1_24' title="bbox 249 2669 1387 2761; baseline -0.002 -21"><span class='ocrx_word' id='word_1_172' title='bbox 249 2670 358 2761; x_wconf 91' lang='lat' dir='ltr'>.quod</span> <span class='ocrx_word' id='word_1_173' title='bbox 383 2669 594 2761; x_wconf 90' lang='lat' dir='ltr'>quamcitius</span> <span class='ocrx_word' id='word_1_174' title='bbox 617 2669 729 2737; x_wconf 89' lang='lat' dir='ltr'>lucem</span> <span class='ocrx_word' id='word_1_175' title='bbox 753 2669 956 2759; x_wconf 87' lang='lat' dir='ltr'>conspiciat.</span> <span class='ocrx_word' id='word_1_176' title='bbox 974 2669 1071 2738; x_wconf 89' lang='lat' dir='ltr'>Obiit</span> <span class='ocrx_word' id='word_1_177' title='bbox 1089 2669 1266 2740; x_wconf 83' lang='lat' dir='ltr'>Nersaeus</span> <span class='ocrx_word' id='word_1_178' title='bbox 1291 2671 1387 2738; x_wconf 90' lang='lat' dir='ltr'>circa</span> 
     </span>
     <span class='ocr_line' id='line_1_25' title="bbox 267 2775 1387 2869; baseline 0.003 -26"><span class='ocrx_word' id='word_1_179' title='bbox 267 2797 323 2844; x_wconf 91' lang='lat' dir='ltr'>an.</span> <span class='ocrx_word' id='word_1_180' title='bbox 343 2775 465 2846; x_wconf 82' lang='lat' dir='ltr'>Graec.</span> <span class='ocrx_word' id='word_1_181' title='bbox 482 2777 560 2846; x_wconf 87' lang='grc'><strong>807.</strong></span> <span class='ocrx_word' id='word_1_182' title='bbox 578 2776 660 2844; x_wconf 80' lang='lat' dir='ltr'>Chr.</span> <span class='ocrx_word' id='word_1_183' title='bbox 676 2776 754 2844; x_wconf 76' lang='lat'><strong>496.</strong></span> <span class='ocrx_word' id='word_1_184' title='bbox 769 2777 887 2866; x_wconf 90' lang='lat' dir='ltr'>paullo</span> <span class='ocrx_word' id='word_1_185' title='bbox 905 2776 1041 2846; x_wconf 89' lang='grc'><strong>00111001</strong></span> <span class='ocrx_word' id='word_1_186' title='bbox 1056 2784 1238 2868; x_wconf 87' lang='lat' dir='ltr'>postquam</span> <span class='ocrx_word' id='word_1_187' title='bbox 1254 2779 1387 2869; x_wconf 90' lang='lat' dir='ltr'>impius</span> 
     </span>
     <span class='ocr_line' id='line_1_26' title="bbox 266 2883 1387 2975; baseline 0.004 -25"><span class='ocrx_word' id='word_1_188' title='bbox 266 2883 457 2952; x_wconf 88' lang='lat' dir='ltr'>Barsumas</span> <span class='ocrx_word' id='word_1_189' title='bbox 473 2883 627 2972; x_wconf 87' lang='lat' dir='ltr'>ejusdem</span> <span class='ocrx_word' id='word_1_190' title='bbox 642 2883 839 2952; x_wconf 84' lang='lat' dir='ltr'>Edessenae</span> <span class='ocrx_word' id='word_1_191' title='bbox 856 2883 1001 2953; x_wconf 86' lang='lat' dir='ltr'>Scholae</span> <span class='ocrx_word' id='word_1_192' title='bbox 1017 2884 1287 2975; x_wconf 85' lang='lat' dir='ltr'>condiscipulus,</span> <span class='ocrx_word' id='word_1_193' title='bbox 1304 2885 1387 2954; x_wconf 88' lang='lat' dir='ltr'>dein</span> 
     </span>
     <span class='ocr_line' id='line_1_27' title="bbox 265 2991 1383 3083; baseline 0.001 -22"><span class='ocrx_word' id='word_1_194' title='bbox 265 2991 400 3061; x_wconf 88' lang='lat' dir='ltr'>Nisibis</span> <span class='ocrx_word' id='word_1_195' title='bbox 423 2992 557 3082; x_wconf 89' lang='lat' dir='ltr'>primus</span> <span class='ocrx_word' id='word_1_196' title='bbox 580 2994 657 3076; x_wconf 85' lang='lat' dir='ltr'>(an.</span> <span class='ocrx_word' id='word_1_197' title='bbox 672 2991 776 3075; x_wconf 82' lang='lat'>435.)</span> <span class='ocrx_word' id='word_1_198' title='bbox 800 2992 1028 3062; x_wconf 88' lang='lat' dir='ltr'>Nestorianae</span> <span class='ocrx_word' id='word_1_199' title='bbox 1052 2999 1166 3062; x_wconf 90' lang='grc'><strong>000100</strong></span> <span class='ocrx_word' id='word_1_200' title='bbox 1188 2993 1383 3083; x_wconf 88' lang='lat' dir='ltr'>episcopus,</span> 
     </span>
     <span class='ocr_line' id='line_1_28' title="bbox 266 3098 1385 3191; baseline -0.001 -23"><span class='ocrx_word' id='word_1_201' title='bbox 266 3100 422 3185; x_wconf 91' lang='lat' dir='ltr'>interiit,</span> <span class='ocrx_word' id='word_1_202' title='bbox 449 3121 549 3190; x_wconf 90' lang='lat' dir='ltr'>quem</span> <span class='ocrx_word' id='word_1_203' title='bbox 580 3099 674 3167; x_wconf 89' lang='lat' dir='ltr'>inter</span> <span class='ocrx_word' id='word_1_204' title='bbox 704 3105 740 3167; x_wconf 92' lang='lat' dir='ltr'>et</span> <span class='ocrx_word' id='word_1_205' title='bbox 762 3098 877 3188; x_wconf 88' lang='lat' dir='ltr'>ipsum</span> <span class='ocrx_word' id='word_1_206' title='bbox 901 3101 1076 3168; x_wconf 85' lang='lat' dir='ltr'>contentio</span> <span class='ocrx_word' id='word_1_207' title='bbox 1107 3107 1248 3191; x_wconf 90' lang='lat' dir='ltr'>propter</span> <span class='ocrx_word' id='word_1_208' title='bbox 1277 3100 1385 3168; x_wconf 89' lang='lat' dir='ltr'>Mam-</span> 
     </span>
     <span class='ocr_line' id='line_1_29' title="bbox 267 3205 1246 3295; baseline 0.001 -20"><span class='ocrx_word' id='word_1_209' title='bbox 267 3229 396 3276; x_wconf 89' lang='lat' dir='ltr'>maeam</span> <span class='ocrx_word' id='word_1_210' title='bbox 420 3205 573 3295; x_wconf 84' lang='lat' dir='ltr'>ejusdem</span> <span class='ocrx_word' id='word_1_211' title='bbox 596 3207 785 3276; x_wconf 88' lang='lat' dir='ltr'>Barsumaa</span> <span class='ocrx_word' id='word_1_212' title='bbox 809 3207 1031 3276; x_wconf 89' lang='lat' dir='ltr'>concubinam</span> <span class='ocrx_word' id='word_1_213' title='bbox 1056 3212 1246 3278; x_wconf 86' lang='lat' dir='ltr'>exarserat.</span> 
     </span>
    </p>
   </div>
   <div class='ocr_carea' id='block_1_3' title="bbox 78 3609 1386 3728">
    <p class='ocr_par' dir='ltr' id='par_1_3' title="bbox 78 3609 1386 3728">
     <span class='ocr_line' id='line_1_30' title="bbox 78 3609 1386 3728; baseline -0.011 -3"><span class='ocrx_word' id='word_1_214' title='bbox 78 3671 192 3726; x_wconf 74' lang='lat' dir='ltr'>officium</span> <span class='ocrx_word' id='word_1_215' title='bbox 211 3665 253 3712; x_wconf 83' lang='grc'>11-</span> <span class='ocrx_word' id='word_1_216' title='bbox 332 3640 489 3711; x_wconf 89' lang='lat' dir='ltr'>Offioium</span> <span class='ocrx_word' id='word_1_217' title='bbox 504 3637 673 3709; x_wconf 88' lang='lat' dir='ltr'>Divinum</span> <span class='ocrx_word' id='word_1_218' title='bbox 689 3636 951 3723; x_wconf 85' lang='lat' dir='ltr'>Chaldaeorum,</span> <span class='ocrx_word' id='word_1_219' title='bbox 970 3609 1060 3728; x_wconf 83' lang='lat' dir='ltr'>quod</span> <span class='ocrx_word' id='word_1_220' title='bbox 1075 3643 1150 3707; x_wconf 89' lang='lat' dir='ltr'>tum</span> <span class='ocrx_word' id='word_1_221' title='bbox 1164 3639 1197 3710; x_wconf 91' lang='lat' dir='ltr'>N</span> <span class='ocrx_word' id='word_1_222' title='bbox 1199 3640 1386 3710; x_wconf 88' lang='lat' dir='ltr'>estorianis</span> 
     </span>
    </p>
   </div>
   <div class='ocr_carea' id='block_1_4' title="bbox 40 3731 1387 3853">
    <p class='ocr_par' dir='ltr' id='par_1_4' title="bbox 40 3731 1387 3853">
     <span class='ocr_line' id='line_1_31' title="bbox 40 3731 1387 3853; baseline 0.004 -40"><span class='ocrx_word' id='word_1_223' title='bbox 40 3731 253 3853; x_wconf 50' lang='grc' dir='ltr'>ξζῖξῑέζζῖξξέζ</span> <span class='ocrx_word' id='word_1_224' title='bbox 266 3755 341 3820; x_wconf 89' lang='lat' dir='ltr'>tum</span> <span class='ocrx_word' id='word_1_225' title='bbox 353 3747 562 3818; x_wconf 85' lang='lat' dir='ltr'>Orthodoxis</span> <span class='ocrx_word' id='word_1_226' title='bbox 584 3745 773 3836; x_wconf 86' lang='lat' dir='ltr'>neophytis</span> <span class='ocrx_word' id='word_1_227' title='bbox 797 3751 850 3814; x_wconf 91' lang='lat' dir='ltr'>est</span> <span class='ocrx_word' id='word_1_228' title='bbox 872 3747 945 3815; x_wconf 85' lang='lat' dir='ltr'>fera</span> <span class='ocrx_word' id='word_1_229' title='bbox 968 3745 1070 3832; x_wconf 91' lang='lat' dir='ltr'>idem,</span> <span class='ocrx_word' id='word_1_230' title='bbox 1089 3747 1227 3838; x_wconf 87' lang='lat' dir='ltr'>dempta</span> <span class='ocrx_word' id='word_1_231' title='bbox 1250 3749 1387 3818; x_wconf 85' lang='lat' dir='ltr'>scilicet</span> 
     </span>
    </p>
   </div>
   <div class='ocr_carea' id='block_1_5' title="bbox 39 3853 1384 3979">
    <p class='ocr_par' dir='ltr' id='par_1_5' title="bbox 39 3853 1384 3979">
     <span class='ocr_line' id='line_1_32' title="bbox 39 3853 1384 3979; baseline 0.001 -55"><span class='ocrx_word' id='word_1_232' title='bbox 39 3868 251 3979; x_wconf 54' lang='lat' dir='ltr'>ssiffli,‘{fssss²²”</span> <span class='ocrx_word' id='word_1_233' title='bbox 268 3859 360 3950; x_wconf 89' lang='lat' dir='ltr'>apud</span> <span class='ocrx_word' id='word_1_234' title='bbox 384 3855 574 3928; x_wconf 87' lang='lat' dir='ltr'>catholicos</span> <span class='ocrx_word' id='word_1_235' title='bbox 594 3853 776 3924; x_wconf 90' lang='lat' dir='ltr'>chaldaeos</span> <span class='ocrx_word' id='word_1_236' title='bbox 795 3853 930 3923; x_wconf 89' lang='lat' dir='ltr'>haeresi</span> <span class='ocrx_word' id='word_1_237' title='bbox 950 3855 1170 3942; x_wconf 87' lang='lat' dir='ltr'>Nestoriana,</span> <span class='ocrx_word' id='word_1_238' title='bbox 1188 3857 1318 3947; x_wconf 88' lang='lat' dir='ltr'>passim</span> <span class='ocrx_word' id='word_1_239' title='bbox 1333 3857 1384 3926; x_wconf 90' lang='lat' dir='ltr'>al-</span> 
     </span>
    </p>
   </div>
   <div class='ocr_carea' id='block_1_6' title="bbox 267 4110 1383 4269">
    <p class='ocr_par' dir='ltr' id='par_1_6' title="bbox 267 4110 1383 4269">
     <span class='ocr_line' id='line_1_33' title="bbox 337 4110 1383 4188; baseline 0 -21"><span class='ocrx_word' id='word_1_240' title='bbox 337 4110 378 4188; x_wconf 84' lang='lat'>(1)</span> <span class='ocrx_word' id='word_1_241' title='bbox 396 4112 440 4168; x_wconf 79' lang='lat' dir='ltr'>An</span> <span class='ocrx_word' id='word_1_242' title='bbox 461 4115 531 4168; x_wconf 86' lang='lat' dir='ltr'>alibi</span> <span class='ocrx_word' id='word_1_243' title='bbox 550 4115 582 4167; x_wconf 90' lang='grc'>111</span> <span class='ocrx_word' id='word_1_244' title='bbox 602 4114 700 4181; x_wconf 85' lang='lat' dir='ltr'>aliqua</span> <span class='ocrx_word' id='word_1_245' title='bbox 714 4112 894 4168; x_wconf 86' lang='lat' dir='ltr'>Bibliotheca</span> <span class='ocrx_word' id='word_1_246' title='bbox 908 4115 1021 4168; x_wconf 82' lang='lat' dir='ltr'>exstent</span> <span class='ocrx_word' id='word_1_247' title='bbox 1034 4127 1177 4168; x_wconf 83' lang='lat' dir='ltr'>sermones</span> <span class='ocrx_word' id='word_1_248' title='bbox 1189 4112 1300 4166; x_wconf 86' lang='lat' dir='ltr'>matrici</span> <span class='ocrx_word' id='word_1_249' title='bbox 1313 4111 1383 4167; x_wconf 82' lang='lat' dir='ltr'>Nar·</span> 
     </span>
     <span class='ocr_line' id='line_1_34' title="bbox 267 4202 813 4269; baseline -0.002 -14"><span class='ocrx_word' id='word_1_250' title='bbox 267 4203 327 4256; x_wconf 84' lang='lat' dir='ltr'>saei</span> <span class='ocrx_word' id='word_1_251' title='bbox 346 4204 465 4269; x_wconf 74' lang='lat' dir='ltr'>ignoro,</span> <span class='ocrx_word' id='word_1_252' title='bbox 485 4203 569 4256; x_wconf 80' lang='lat' dir='ltr'>valde</span> <span class='ocrx_word' id='word_1_253' title='bbox 589 4206 681 4258; x_wconf 88' lang='lat' dir='ltr'>autem</span> <span class='ocrx_word' id='word_1_254' title='bbox 704 4202 813 4256; x_wconf 87' lang='lat' dir='ltr'>dubito.</span> 
     </span>
    </p>
   </div>
   <div class='ocr_carea' id='block_1_7' title="bbox 0 0 1528 4756">
    <p class='ocr_par' dir='ltr' id='par_1_7' title="bbox 0 0 1528 4756">
     <span class='ocr_line' id='line_1_35' title="bbox 0 0 1528 4756; baseline 0 1"><span class='ocrx_word' id='word_1_255' title='bbox 0 0 1528 4756; x_wconf 95' lang='lat' dir='ltr'> </span> 
     </span>
    </p>
   </div>
  </div>
 </body>
</html>
