3056 4756
568 243 745 310 -93-

95 369 251 457 ipsorum
275 373 433 454 mentem,
452 368 578 458 excipi.
593 369 663 437 Ast
678 369 715 436 in
731 369 932 459 hypothesi,
953 369 1042 460 quod
1058 368 1219 438 Ecclesia

91 477 254 567 praefata
277 477 314 544 in
337 476 454 566 turpis
477 476 858 545 haereseos'dilabatur
882 477 1071 568 aliquando
1101 480 1218 567 pravi·

93 592 205 653 tatem
229 590 264 652 et
280 587 501 670 sententiam,
521 591 607 654 tunc
622 586 834 653 alterutrum
852 585 1046 654 dicendum:
1062 592 1126 654 aut
1142 586 1218 656 hae·

93 693 244 760 reticum
269 714 306 760 os
328 692 543 761 laudandum
567 693 778 778 solemniter,
795 699 830 762 et
853 693 1006 783 ejusdem
1025 695 1142 764 verbis
1156 718 1218 763 ceu

93 800 259 884 Oraculo,
286 801 324 867 in
351 799 477 885 Cultu,
503 801 691 886 Oratione,
718 807 753 870 et
783 803 856 870 fere
878 801 980 870 Fidei
1004 803 1217 892 professione

95 931 173 992 sua,
191 909 359 976 utendum
375 915 465 977 esset
480 909 711 979 Nestorianis:
731 915 794 977 aut
811 909 876 977 illa
892 909 1083 999 antiphona
1099 912 1142 977 ab
1159 910 1218 978 of-

96 1018 178 1086 ficio
202 1017 361 1085 delenda.
376 1017 489 1108 Atqui
513 1024 700 1108 utrumque
724 1016 876 1086 alienum
893 1026 947 1086 cst
963 1040 983 1085 a
998 1018 1220 1088 Nestoriano-

93 1149 174 1194 rum
198 1130 312 1192 mente
335 1131 372 1193 et
395 1148 575 1194 consensu.
595 1125 691 1214 Ergo
715 1149 783 1194 non
806 1132 859 1194 est
874 1149 978 1215 penes
994 1125 1074 1193 illos
1092 1126 1216 1194 admit-

95 1234 205 1302 tenda
231 1232 438 1322 hypothesis
462 1233 545 1300 illa:
577 1233 668 1324 quod
698 1234 774 1302 scil.
800 1234 957 1302 Ecclesia
984 1234 1139 1302 Romana
1164 1235 1219 1301 de·

95 1341 198 1409 ficiat
222 1363 384 1430 umquam
408 1361 430 1406 a
453 1361 538 1408 vera
560 1339 659 1409 Fide.

164 1445 210 1514 3⁰.
237 1446 409 1514 Rursum:
435 1445 472 1512 in
496 1445 565 1514 isto
596 1467 694 1514 sacro
717 1445 851 1536 hymno
883 1468 950 1515 vox
974 1445 1134 1513 Ecclesia
1157 1452 1221 1514 aut

94 1553 316 1641 intelligitur
346 1553 528 1621 referenda
556 1553 600 1621 ad
626 1554 834 1638 Romanam,
862 1559 903 1621 ut
926 1553 1154 1643 principalem
1176 1554 1219 1620 li-

1 1739 2 1746 ,
95 1667 151 1729 cet
174 1661 238 1751 (1),
265 1661 394 1728 autad
418 1661 661 1730 Universalem
686 1683 746 1750 per
777 1660 900 1730 Orbem
926 1661 1129 1751 dispersam,
1159 1684 1220 1730 seu

95 1767 325 1838 Catholicam.
565 1765 567 1770 ’

164 1875 203 1942 Si
227 1868 621 1966 primum'comprobata
644 1877 714 1944 erit
737 1876 860 1961 thesis,
879 1883 914 1945 et
929 1877 1218 1946 indefectibilitas

95 1984 276 2052 Ecclesiae
299 1984 474 2052 Romanae
498 2007 518 2052 a
539 1985 759 2054 Nestorianis
776 1984 976 2053 solemniter
993 1986 1216 2074 proclamata.

97 2093 135 2159 Si
149 2091 312 2176 alterum;
327 2097 424 2176 tuno,
439 2091 508 2159 nisi
526 2093 738 2162 admittatur
756 2093 793 2159 in
808 2093 906 2161 Rom.
920 2093 1079 2162 Ecclesia
1095 2093 1222 2161 donum

96 2198 422 2269 indefectibilitatis
445 2199 482 2267 in
503 2201 601 2286 Fide,
628 2206 729 2268 tanta
753 2201 978 2290 proclamatio
1001 2202 1137 2270 nullum
1160 2201 1220 2268 ha-

100 2390 288 2400 --—-—

168 2495 213 2574 (1)
230 2499 311 2551 Hanc
327 2499 447 2564 primam
465 2499 656 2564 acceptionem
675 2499 765 2564 magis
780 2500 955 2566 probabilem
970 2499 1099 2552 suadent:
1123 2501 1158 2552 1⁰.
1174 2500 1220 2554 Se·

96 2593 155 2644 ries
169 2589 346 2656 antiphonae
357 2592 386 2642 et
395 2603 496 2655 nexus,
509 2604 589 2641 secus
603 2589 687 2654 enim,
702 2590 733 2640 in
748 2591 840 2641 altera
854 2589 1025 2656 acceptione,
1042 2591 1099 2642 vim
1112 2591 1222 2656 aliqua-

94 2684 151 2733 lem
165 2681 314 2746 patcretur
333 2694 480 2732 sensua-
496 2681 532 2730 2⁰.
554 2679 628 2730 Usus
641 2679 670 2730 in
684 2679 778 2732 Officio
795 2677 900 2731 Divino
914 2695 970 2731 non
983 2693 1047 2732 raro
1061 2678 1218 2745 adhibitus,
1265 2749 1267 2753 Υ

96 2787 152 2838 quo
172 2769 285 2822 scilicet
298 2769 441 2822 Ecclesiae
461 2785 571 2834 nomen,
594 2769 724 2821 absolute
749 2769 846 2834 etiam,
867 2784 919 2834 pro
939 2771 1000 2821 sola
1018 2770 1152 2836 Romana,
1175 2771 1223 2822 vel

95 2859 184 2933 (quod
203 2859 294 2922 magis
313 2860 404 2911 elucet
422 2860 453 2910 in
466 2859 664 2926 loquuticnum
678 2855 764 2927 serie)
785 2851 835 2924 prb
851 2874 892 2926 ca,
909 2862 1006 2926 utpote
1025 2860 1181 2926 principali
1194 2863 1224 2911 et

1 2949 3 3030 ᾖ
96 2955 186 3004 totam
200 2950 426 3002 Universitatem
440 2948 704 3015 comprehendente,
719 2951 887 3014 usurpatum
901 2949 1059 3002 invenitur.
1075 2951 1121 3004 sit
1133 2966 1224 3002 exem·

1 3069 2 3108 t
96 3045 144 3108 plo
164 3041 284 3092 citatum
304 3039 335 3089 in
355 3041 520 3103 argumento
540 3038 721 3091 antecedenti
736 3039 932 3090 testimonium
947 3055 980 3090 ex
991 3040 1085 3092 Officio
1105 3039 1222 3093 ΒΜΔ.

1 3157 2 3160 “
96 3133 178 3184 Petri
201 3132 230 3182 ct
248 3129 342 3196 Pauli,
359 3128 432 3196 qnod
445 3129 533 3180 habet
553 3129 609 3180 uin
630 3129 712 3180 vobis
733 3125 781 3180 ΒΞ.
798 3127 930 3194 Apostoli
951 3129 1126 3195 praesidium
1145 3132 1226 3182 tenet

1 3195 2 3246 Ῐ
97 3219 268 3274 Ecclesia...
284 3221 313 3270 et
331 3219 395 3285 ipsa
413 3219 541 3270 Ecclesia
560 3219 677 3282 collegit
696 3222 725 3269 et
744 3218 877 3284 deposuit
903 3234 968 3270 ossa
988 3223 1095 3286 vestra,
1118 3221 1147 3270 et
1165 3221 1224 3283 glo-

96 3314 173 3366 riosa
194 3309 276 3363 vobis
297 3311 458 3362 construxit
476 3309 657 3375 sanctuaria,
672 3307 746 3360 unde
767 3323 801 3359 ex
815 3309 924 3361 vestris
939 3309 1049 3361 ossibus
1064 3309 1225 3362 scaturiunt

1 3403 2 3436 ³
98 3401 212 3455 auxilia
230 3402 307 3452 etc.»
328 3399 384 3452 Ubi
402 3402 483 3464 patet
502 3399 655 3465 utrobique
675 3399 830 3449 Ecclesiam
850 3414 901 3464 pro
916 3401 1045 3450 Romana
1064 3400 1146 3464 sumi,
1163 3399 1225 3451 sive

97 3490 288 3558 simpliciter,
311 3489 373 3542 sive
392 3490 533 3555 quatenus
557 3490 601 3540 est
627 3487 763 3552 Princeps
787 3491 816 3540 et
835 3489 949 3540 nomine
970 3489 1060 3540 totins
1079 3489 1224 3541 Ecclesiae

98 3579 265 3635 Catholicae
285 3594 388 3644 agens5
412 3578 486 3645 quod
505 3587 628 3630 ceterum
648 3576 683 3628 ad
703 3592 762 3628 rem
781 3581 910 3630 nostram
929 3577 1004 3629 idem
1023 3582 1114 3630 est.-
1127 3579 1164 3630 3⁰.
1179 3578 1224 3630 Ei-

98 3687 167 3736 gura
184 3671 260 3736 ipsa,
281 3669 424 3720 rhetorica
443 3668 521 3734 licet,
543 3667 653 3719 usualis
673 3670 767 3718 tamen
788 3670 817 3719 et
831 3683 913 3732 saepe
934 3668 965 3718 in
980 3668 1069 3718 sacris
1084 3667 1225 3732 loquutio-

99 3763 183 3814 uibus
203 3761 342 3824 usurpata
361 3757 486 3824 idipsum
506 3756 616 3824 suadet,
633 3760 665 3808 ut
684 3757 818 3808 nimirum
832 3773 909 3823 pars,
924 3757 1094 3824 pracsertim
1108 3757 1134 3808 si
1147 3757 1225 3822 prin·

97 3851 211 3917 cipalis,
228 3864 278 3915 pro
298 3851 357 3900 toto
371 3847 537 3913 accipiatur.
554 3875 586 3884 -—
600 3847 638 3899 4⁰.
653 3845 731 3898 Idem
745 3847 894 3899 confirmat
916 3863 983 3898 usus
1004 3846 1140 3912 loquendi
1162 3847 1225 3898 vul-

98 3939 177 4005 garis
197 3937 351 3991 Chaldaice
370 3937 510 4003 hodieque
523 3951 609 4002 penes
623 3935 773 3988 Nostrates
788 3937 890 4001 vigens
911 3937 961 4002 qui
975 3951 1070 3990 vocem
1083 3935 1226 3988 Ecclesiae

1 4039 2 4048 ¹
99 4049 161 4100 sine
190 4046 310 4113 addito,
337 4049 366 4098 et
392 4045 564 4112 simpliciter
598 4023 704 4147 (ilisa)
742 4059 793 4110 pro
820 4044 957 4110 Ecclesia,
980 4045 1009 4095 et
1027 4044 1091 4110 ipsa
1109 4043 1227 4096 civitate

98 4174 227 4225 Romana
254 4170 402 4238 adhibent,
424 4172 456 4222 ut
475 4169 573 4222 dicant
593 4185 621 4222 v.
634 4184 660 4232 g.
688 4167 769 4220 misit
787 4169 924 4221 Ecclesia:
945 4168 1004 4221 ivit
1022 4168 1057 4220 N.
1079 4167 1113 4219 ad
1133 4167 1226 4220 Eccle-

100 4263 181 4316 siam:
203 4261 286 4315 renit
305 4260 338 4314 de
357 4259 493 4328 Ecclesia,
514 4259 625 4313 Almam
645 4259 747 4312 Urbem
766 4258 870 4326 ubique
890 4259 1101 4323 intelligentes.
