3046 4756
608 253 808 322 -189-

142 400 273 469 gerens
293 377 376 450 circ.
401 401 458 450 an.
485 380 589 468 aia,
615 381 676 475 qui
697 381 803 452 etiam
826 381 956 452 librum
978 379 1117 450 Calilah
1140 383 1177 449 et
1198 377 1266 446 Da·

141 487 253 556 mnah
284 509 327 557 ex
356 487 477 558 Indico
506 489 669 560 Sermone
699 490 886 560 Chaldaice
916 513 978 560 sen
1009 488 1156 578 Syrisce
1190 510 1266 558 ver·

142 595 193 664 tit
208 595 274 683 (1).
292 635 336 648 --
357 596 557 666 Nathanael
580 597 743 667 Coenobii
764 596 1030 666 Beth-Abantis
1054 597 1091 665 in
1114 593 1268 684 Assyria

143 701 349 788 monachus,
375 702 533 772 cireen.
553 703 631 774 690.
651 708 688 773 et
710 704 790 774 alii.

213 809 280 880 IX.
298 809 445 900 Sapores
456 811 641 882 Ardasciri
653 812 761 898 filius,
777 835 833 881 an.
849 811 984 882 Christi
1007 813 1086 881 257.
1112 811 1265 896 Nisibin,

145 916 324 1002 Charras,
349 924 386 986 et
406 918 633 990 Antiochiam
655 921 817 990 vastavit
843 920 1045 1013 diruitque,
1071 925 1108 989 et
1130 920 1268 989 biennio

145 1031 228 1115 post
249 1027 477 1095 Valerianum
492 1030 724 1100 Romanorum
739 1031 986 1120 Imperatorem
1009 1030 1188 1121 captivum
1209 1028 1268 1096 ad·

146 1133 264 1218 duxit,
286 1143 322 1202 et
344 1159 421 1203 cum
444 1138 519 1227 ipso
537 1137 712 1227 ingentem
728 1139 890 1230 praedam
906 1161 949 1206 ex
965 1139 1120 1208 Romana
1136 1136 1269 1205 ditione

146 1242 186 1309 in
215 1241 399 1310 Susianam
425 1249 460 1312 et
481 1243 684 1313 Huzitidem
707 1247 793 1334 egit,
820 1268 859 1314 ac
882 1243 1087 1333 praesertim
1114 1265 1157 1312 ex
1185 1242 1269 1310 urbe

146 1349 381 1434 Antiocheno,
399 1349 493 1419 inter
516 1374 601 1444 quos
624 1354 817 1443 complures
841 1352 971 1442 peritos
996 1351 1145 1420 medicos
1162 1349 1268 1418 Cras-

148 1481 220 1542 cos,
241 1457 301 1550 qui
324 1457 529 1527 medicinam
544 1459 830 1548 Hippocratioam
845 1459 1043 1527 inOriente
1067 1457 1269 1525 dissemina·

147 1573 247 1636 runt.
273 1566 463 1636 Civitatem
486 1568 591 1636 etiam
614 1569 743 1637 ibidem
766 1567 979 1651 aedificavit,
999 1588 1114 1658 quam,
1141 1565 1183 1633 de
1207 1587 1269 1633 suo

148 1674 300 1757 nomine,
319 1674 570 1765 Caudi-Sapor
594 1676 799 1767 appellavit.
817 1675 931 1744 Mares
955 1681 991 1743 et
1006 1678 1137 1742 Amrus
1159 1673 1268 1742 histo·

149 1781 336 1872 riographi
351 1783 402 1870 (2)
419 1783 579 1854 scribunt
591 1807 668 1854 cum
681 1784 746 1853 illa
761 1784 902 1874 praeda,
917 1787 954 1851 et
967 1782 1184 1852 Demetrium
1199 1781 1271 1849 An·

151 1889 305 1958 tioohiae
327 1889 539 1980 Episcopum
563 1893 673 1960 fuisse
689 1891 726 1958 in
742 1891 966 1960 Elamitidem
989 1891 1189 1972 abductum,
1211 1889 1272 1979 qui

150 2019 172 2064 a
187 1999 296 2087 Papa,
315 1997 595 2068 Christianorum
618 2000 655 2067 in
672 2000 811 2068 Persico
826 1999 976 2090 Imperio
988 1998 1153 2083 Primate,
1171 1996 1272 2065 illius

150 2128 242 2176 novo
266 2111 488 2176 constructae
512 2109 695 2193 civitatis,
721 2107 887 2176 nimirum
910 2105 1183 2199 Gandisaporis‚
1206 2128 1270 2194 gu-

150 2212 386 2282 bernationem
399 2214 583 2302 acceperit,
601 2237 644 2283 ex
656 2237 762 2306 eoque
774 2221 926 2304 tempore
937 2214 1132 2304 Episcopus
1141 2211 1270 2281 Candi-

150 2321 286 2410 saporis
309 2321 565 2410 metropolitica
580 2323 755 2412 dignitate
771 2328 897 2391 auctus
913 2323 1044 2413 primas
1059 2327 1138 2412 post
1153 2319 1270 2390 Seleu-

150 2430 299 2498 ciensem
312 2428 499 2498 Primatem
511 2430 549 2498 in
560 2428 700 2499 Oriente
712 2435 829 2500 tenere
845 2429 1076 2500 consueverit.
1091 2427 1271 2518 Quidquid

152 2538 202 2605 sit
225 2537 267 2606 de
282 2536 391 2626 hujus
406 2537 623 2606 narrationis
640 2537 791 2606 veritate
815 2545 948 2606 certum
963 2544 1017 2606 est
1031 2536 1121 2602 --1⁰
1136 2535 1201 2602 illa
1218 2557 1270 2602 ae·

152 2651 238 2729 tate,
250 2649 364 2728 antea,
376 2649 413 2712 et
425 2667 558 2735 semper
570 2645 784 2735 postmodum
797 2647 954 2735 insignes
966 2645 1145 2714 exstitisse
1158 2643 1196 2710 in
1207 2642 1271 2712 Ec·

153 2751 261 2820 alesia
284 2749 535 2820 Chaldaeorum
559 2759 595 2820 et
617 2753 757 2842 primos,
784 2753 846 2844 qui
869 2752 1092 2836 crediderint,
1118 2757 1160 2819 ut
1182 2750 1272 2819 vidi-

153 2883 229 2926 mus
246 2857 308 2948 (3),
332 2859 395 2927 hos
418 2859 638 2927 Christianos
661 2860 810 2928 Huzitas
826 2866 861 2929 et
873 2859 1040 2928 Susianos
1053 2900 1096 2909 -
1115 2859 1149 2926 2ο
1163 2859 1272 2948 jama

154 2965 292 3034 saeculo
311 2966 375 3034 hoo
391 2967 497 3035 tertio
508 2967 777 3058 Beth-Lapatae
791 2967 1000 3058 Episcopum
1017 2967 1273 3057 metropolitica

154 3073 349 3162 dignitate,
377 3074 573 3166 etquidem
597 3074 640 3142 ab
661 3075 742 3164 Ipso
764 3075 860 3166 Papa
888 3075 1117 3164 insignitum,
1143 3080 1179 3142 et
1201 3073 1271 3163 pri-

154 3204 227 3250 mas
251 3205 375 3252 revera
398 3183 559 3273 deinceps
581 3181 675 3251 inter
699 3189 830 3252 ceteros
849 3184 1004 3253 tenuisse
1017 3222 1059 3235 -
1075 3182 1109 3248 3⁰
1125 3181 1161 3250 in
1177 3179 1273 3250 Aula

225 3559 270 3639 (1)
287 3564 363 3619 Haec
381 3564 477 3620 versio
495 3564 651 3632 philologis
665 3561 920 3630 desideratissima,
936 3578 1011 3616 anno
1031 3562 1181 3632 superiori,
1199 3564 1272 3616 Mas·

156 3658 217 3710 sula
235 3655 378 3723 proiectus
396 3657 454 3708 iter
472 3655 581 3709 iaciens
600 3655 637 3708 ad
654 3655 729 3708 hanc
746 3655 848 3708 almam
866 3655 969 3721 Urbem
987 3653 1081 3720 reperi
1099 3655 1130 3706 in
1150 3654 1270 3710 Bibliot.

155 3749 183 3802 Β.
195 3745 389 3800 Hormizdatis
402 3745 516 3800 ilerdae
528 3741 679 3818 (Mendici)
690 3744 902 3810 Chaldaeorum,
917 3744 976 3811 ubi,
992 3745 1068 3797 siout
1085 3745 1115 3796 at
1132 3743 1164 3795 in
1177 3743 1274 3798 vicina

155 3840 226 3892 urbe
243 3835 377 3904 Amidae,
400 3851 448 3889 seu
469 3837 635 3902 Diarbekir,
657 3838 756 3904 plures
776 3835 848 3888 alios
868 3833 983 3888 Codices
1001 3848 1151 3902 perraros,
1173 3849 1273 3899 magno

156 3941 216 3981 cum
235 3924 339 3992 gaudio
358 3925 443 3978 licuit
460 3925 598 3992 invisere,
612 3941 681 3991 quos
695 3921 935 3991 looiPraepositis
946 3923 1129 3976 vehementer
1139 3937 1273 3976 commen·

157 4017 229 4072 dans
248 4015 284 4070 ad
303 4019 490 4083 opportunum
508 4018 619 4082 tompus
638 4015 669 4067 in
686 4013 769 4068 corde
788 4028 846 4067 meo
866 4013 1025 4068 asservari.

225 4101 271 4180 (2)
288 4106 323 4158 In
341 4106 405 4160 vita
422 4106 515 4180 Papae
532 4104 617 4158 Aroh.
633 4104 742 4158 Seleuc.

227 4190 271 4267 (3)
288 4195 344 4248 Ubi
366 4193 400 4248 de
418 4194 571 4262 Elamitis,
592 4193 707 4246 Huaitis
719 4232 726 4260 ,
747 4195 776 4245 et
803 4191 933 4248 Susianis
956 4207 1043 4260 supra
1070 4208 1095 4246 c.
1118 4192 1167 4246 IV.
1189 4193 1219 4244 et
1237 4191 1272 4245 V.

158 4285 342 4351 mian.
1226 4355 1245 4390 ο
