3046 4756
147 323 186 386 et
208 317 502 386 confirmationem
533 323 717 406 accepturo
748 316 910 403 missam
936 337 998 384 nec
1011 319 1090 383 'nou
1120 315 1268 383 alteram

145 425 342 516 epistolam,
351 447 453 516 quam
469 425 693 516 septuaginta
706 424 777 493 viri
788 423 989 494 Nestoriani
1001 415 1265 512 Hierosolymis,

85 579 87 581 -
147 556 337 626 quousque
360 539 658 604 commemoratum
676 533 839 602 Salakam
851 534 977 602 Romae
997 533 1066 601 iter
1081 554 1268 623 prosequu-

146 647 269 710 turum
291 642 620 727 concomitaverant,
647 642 762 710 ecdem
786 642 892 708 ferme
916 648 1034 709 tenore
1058 642 1269 714 adeundam

147 751 247 818 Rom.
267 750 469 818 Pontificem
489 749 717 839 scripserunt,
737 771 778 816 ex
803 748 1023 838 autographo
1046 750 1184 836 syriaco
1209 775 1270 821 seu

6 905 12 917 ι
148 857 330 927 chaldaico
345 857 477 925 latinas
495 857 580 924 fecit
593 856 637 924 cl.
648 855 781 923 Masius
793 855 830 922 in
842 854 1004 944 Epistola
1016 856 1061 923 ad
1072 856 1270 946 Eugenium

146 966 402 1050 Busbeckium,
428 972 469 1033 ut
491 971 544 1033 cst
567 964 687 1032 videre
711 963 802 1053 apud
826 963 855 1029 Ι.
876 963 911 1030 S.
933 964 1067 1032 Assem.
1086 964 1147 1033 cit.
1167 967 1208 1033 Β.
1228 966 1267 1034 Ο.

148 1081 232 1144 tom.
254 1075 286 1142 1.
306 1097 382 1165 cap.
401 1075 458 1143 47.

216 1185 417 1253 Earundem
431 1183 644 1266 Literarum,
670 1188 706 1249 st
728 1181 837 1270 hujus
860 1181 897 1248 in
921 1181 1106 1249 annalibus
1129 1188 1270 1250 nostrae

148 1292 329 1362 Ecclesiae
352 1291 552 1364 chaldaicae
570 1289 786 1358 celeberrimi
801 1289 888 1356 facti
904 1289 1072 1357 historiae
1096 1290 1270 1357 authenti-

149 1425 223 1487 cae,
241 1401 451 1490 Raynaldus
470 1423 604 1492 quoque
620 1398 825 1466 mentionem
841 1398 945 1465 habat
961 1398 1004 1465 ad
1021 1420 1150 1466 annum
1168 1399 1267 1466 1553.

218 1509 331 1578 Mares
362 1508 556 1576 Salomonis
578 1507 675 1575 filius
706 1505 1011 1595 historiographus
1041 1495 1273 1576 Nestorianus
1343 1525 1358 1586 1
1441 1525 1498 1558 11-

150 1617 285 1688 carun
309 1618 353 1684 ab
381 1641 436 1684 οο.
464 1614 737 1698 cerisarios,
763 1614 801 1680 το
823 1613 1010 1681 Provincia
1032 1615 1268 1703 Babyloniae,
1285 1588 1325 1621 ¹³⁰
1355 1589 1377 1622 ⁸·

149 1727 254 1816 cujus
276 1727 366 1806 liber
391 1726 508 1792 Turris
531 1725 720 1813 inscriptus
744 1725 861 1790 exstat
875 1721 912 1788 in
928 1722 1051 1791 Codice
1075 1723 1151 1791 109.
1179 1723 1272 1791 inter

150 1833 310 1902 arabicos
332 1833 370 1901 in
393 1833 509 1902 Vatic.
538 1832 631 1900 Bibl.
656 1833 820 1902 Jamvero
849 1831 957 1920 hujus
980 1831 1089 1900 Maris
1111 1837 1149 1900 et
1170 1831 1272 1899 Amri

149 1941 325 2010 Matthaei
341 1964 444 2030 opera
465 1940 674 2030 homonyma
696 1943 866 2026 existunt,
887 1947 922 2009 et
938 1940 1150 2009 occasionem
1172 1961 1271 2029 prae-

151 2051 307 2117 buerunt
323 2049 518 2117 confusioni
535 2049 628 2116 inter
643 2054 829 2141 utrumque
844 2055 1030 2134 auctorem,
1046 2049 1102 2117 uti
1118 2047 1272 2118 vidimus

152 2181 261 2248 supra
284 2157 322 2225 in
344 2157 473 2225 notitia
496 2157 609 2225 Amri.

219 2266 283 2333 Ali
298 2265 535 2334 Abul-Hasan
551 2265 813 2354 cognominatus
828 2265 1085 2351 Massudius,
1058 2289 1132 2334 sive
1149 2264 1328 2380 meliushup
1313 2269 1399 2318 11111111
1400 2272 1485 2317 11111·

152 2373 215 2441 Al-
217 2374 386 2458 Massudi,
405 2379 460 2442 est
475 2374 626 2463 scriptor
641 2374 846 2443 notissimus
857 2375 1052 2465 Aegyptio·
1055 2376 1156 2442 arabs
1170 2336 1337 2444 Sectalor
1287 2397 1425 2456 τοττοτερο
1322 2335 1479 2443 111111οτὴεῐῑωοῦε

152 2481 470 2566 Mohammcdanus,
486 2505 546 2572 qur
536 2481 650 2549 ob11t
672 2503 729 2550 an.
749 2481 831 2550 Chr.
851 2483 928 2550 957.
949 2482 1102 2551 Inter
1071 2505 1147 2572 eJus
1171 2475 1303 2572 opera
1288 2461 1401 2508 anona.
1413 2461 1467 2507 ⁹⁰⁰

154 2589 338 2679 praecellit
361 2589 511 2657 historia
534 2591 590 2658 cui
613 2590 743 2658 titulus
766 2593 903 2659 «Prata
918 2613 1053 2680 aurea»
1073 2613 1159 2682 quae
1175 2591 1274 2680 typis

151 2698 226 2786 jam
245 2697 413 2786 impressa
433 2696 592 2766 habetur.
613 2698 780 2787 Ejusdem
805 2699 1041 2788 manuscripta
1064 2688 1276 2788 exemplaria

154 2807 233 2875 vidi
255 2805 420 2890 Mossuli,
447 2805 484 2872 in
506 2806 736 2875 Bibliothecis
760 2805 957 2875 scholarum
979 2806 1272 2876 Muslemioarum.

699 3027 742 3096 N

223 3237 354 3307 Narses
367 3261 427 3306 seu
438 3238 616 3308 Narsaeus
632 3261 649 3306 c
665 3239 776 3307 Maalt
777 3239 823 3306 ha
836 3241 920 3308 urbe
931 3240 980 3327 (1)
993 3240 1179 3330 episcopali
1192 3240 1274 3307 olim
1303 3247 1431 3294 1111111111
1478 3261 1502 3293 0·

155 3345 329 3435 Assyriae
346 3347 410 3413 sub
426 3345 496 3414 Met
482 3346 692 3435 tropolitano
712 3345 892 3435 Adjabeno
908 3371 968 3416 seu
984 3348 1134 3415 Arbelae
1158 3347 1274 3415 criun·
1290 3311 1344 3356 arto
1316 3322 1426 3357 oram
1406 3313 1476 3358 ν’

156 3454 236 3537 dus,
263 3459 486 3541 cognomento
508 3453 676 3543 leprosus,
704 3479 724 3522 a
747 3455 949 3544 gregalibus
971 3455 1045 3523 suis
1063 3455 1098 3523 S.
1117 3454 1275 3544 Spiritus

157 3561 328 3651 Gythara,
347 3561 501 3630 Orientis
523 3562 659 3651 lingua,
678 3562 928 3652 Magistrorum
951 3563 1132 3652 Magister,
1156 3564 1275 3632 doctor

158 3669 349 3756 doctorum,
368 3670 519 3760 Pelagus
536 3671 930 3763 scientiarum,aliisque
946 3671 1147 3760 insignibus
1168 3670 1275 3737 nomi-

156 3779 262 3849 nibus
283 3779 541 3864 cohonestatus,
554 3779 626 3868 jam
648 3780 729 3848 inde
752 3803 773 3847 a
794 3779 965 3870 principio
984 3777 1143 3888 haeresis
1154 3778 1275 3847 Nesto-

161 4010 347 4030 κ--ιυ-ο-

230 4138 274 4218 (1)
292 4143 374 4198 Nunc
392 4143 520 4198 Maaltha
539 4145 583 4198 est
601 4159 690 4211 pagus
700 4141 837 4208 Regionis
845 4141 1042 4196 Nahadrcnsis
1053 4142 1088 4195 ad
1098 4142 1276 4210 provinciam

159 4235 411 4304 Metropolitanum
430 4233 625 4288 Amadiensem
644 4229 802 4301 pertinens.
