3046 4756
756 175 956 243 -172-

296 325 380 394 quos
413 303 485 372 fuit
514 302 550 372 S.
575 302 775 388 Lucienus,
806 305 867 396 qni
894 301 1110 393 postmodum
1131 300 1204 391 jam
1227 301 1416 392 presbyter

294 412 465 500 martyrio
484 411 633 481 effectus
657 411 771 480 fertur
787 432 876 479 enno
893 410 970 480 312.
990 409 1131 480 Videsis
1147 409 1310 479 Bolland.
1327 409 1414 479 Act.

296 735 372 784 esset
384 729 543 784 Edessenus
562 745 613 798 per
632 730 765 784 famosam
786 731 866 784 illam
880 731 1038 798 Epistulam
1053 729 1088 783 ad
1100 731 1203 784 llarim
1216 733 1330 783 Persam
1346 730 1419 781 scri-

294 824 371 887 ptam
389 815 441 894 (α).

364 911 470 963 Nomen
493 914 585 963 antem
600 911 832 964 Nestorianornm
847 913 1025 964 nostratibus
1039 911 1109 964 licet
1121 911 1249 964 Nestorii
1262 911 1418 963 haereseos

294 998 473 1067 fautoribus,
495 1004 524 1052 et
542 1002 730 1054 sectatoribus
748 1016 864 1062 ,exosum
890 1017 999 1068 semper
1017 1000 1094 1066 fuit,
1116 1005 1149 1052 nt
1167 1003 1247 1067 patet
1266 1015 1301 1052 ex
1323 997 1417 1051 Ebed-

241 1127 244 1132 Α
293 1090 356 1156 jesu
374 1090 490 1143 Sobens.
511 1091 543 1143 in
562 1092 614 1144 lib.
629 1092 801 1158 Marparita.
821 1093 885 1143 Par.
907 1090 935 1142 3.
955 1107 978 1143 o.
998 1091 1026 1142 4.
1049 1118 1058 1128 ·
1079 1094 1108 1142 et
1120 1090 1186 1142 Elia
1198 1089 1360 1144 Patriarch.
1383 1088 1416 1139 in

295 1178 389 1245 Epist.
409 1179 514 1245 Synod.
535 1179 570 1232 ad
597 1182 726 1233 Paullum
745 1183 780 1235 V.
800 1182 833 1232 P.
861 1181 899 1233 ii.
919 1180 993 1233 alias
1021 1180 1146 1232 laudata.
1168 1179 1291 1234 Videtur
1319 1181 1416 1230 antem

295 1267 514 1322 Nestorianismi
533 1271 711 1338 appellatio,
740 1271 799 1338 iam
819 1271 854 1322 ab
873 1270 970 1336 initio,
985 1269 1182 1323 Orientalibus
1204 1269 1333 1323 Nestorii
1352 1283 1417 1321 sen-

295 1359 404 1411 tentiae
423 1359 589 1413 faventibus
615 1361 751 1428 imposita
771 1361 802 1412 in
822 1361 876 1414 illa
896 1360 1080 1412 contentione
1101 1358 1226 1427 ejusdem
1250 1359 1353 1412 Gentis
1371 1358 1417 1408 in-

296 1449 342 1498 ter
366 1462 396 1499 se
424 1463 441 1500 a
468 1447 596 1502 Simeone
621 1447 881 1503 Beth-Arsamensi
901 1452 1051 1516 enarrata,
1072 1449 1151 1517 cujus
1171 1447 1224 1500 alii
1241 1446 1416 1512 Nestorium,

302 1536 355 1588 alii
374 1537 514 1604 Oyrillnm
545 1540 649 1592 acriter
667 1539 867 1593 defendebant.

812 1720 835 1786 §.
857 1722 895 1774 11.

437 1861 655 1917 Nestoriartiemi
673 1866 885 1932 Propressioreee
905 1865 937 1916 ire
954 1865 1046 1931 Syria,
1061 1863 1269 1930 Mesopotamia,

688 1955 833 2007 Chaldaea
851 1962 877 2005 et
895 1954 1019 2006 Perside.

367 2097 601 2160 Quemadmodum
615 2099 744 2151 omnibns
764 2099 823 2152 tere
843 2099 926 2151 noris
938 2097 1038 2152 ,Sectis
1050 2097 1234 2151 communiter
1247 2094 1356 2159 evenit,
1373 2091 1422 2144 Se·
1508 2115 1509 2164 ,

296 2187 554 2240 ataoliestorianae
568 2186 644 2254 apud
656 2186 813 2240 Chaldaeos
832 2187 1005 2253 receptionis
1024 2190 1053 2238 et
1065 2185 1279 2253 propagationis
1298 2197 1418 2234 caussae
1508 2165 1509 2192 ¹

296 2278 461 2344 praecipuae
478 2277 709 2331 aomediainere:
730 2278 883 2330 Relaxatio
901 2275 1081 2344 disciplinae:
1098 2276 1248 2343 (torrnptio
1261 2289 1378 2328 morum:
1390 2274 1423 2322 et

295 2368 458 2434 Principum
477 2367 675 2437 hujusmundi
694 2367 777 2420 lavor
790 2370 819 2419 et
836 2367 907 2420 fines
927 2367 1050 2434 politici.
1070 2366 1103 2418 Id
1122 2365 1301 2432 praesertim,
1316 2364 1418 2430 initio,

296 2456 420 2522 contigit
432 2471 517 2523 opera
536 2457 641 2523 impuri
667 2457 828 2522 Barsnmae,
844 2457 894 2509 sub
915 2457 1040 2509 Pheroze
1059 2456 1166 2508 Persici
1186 2453 1302 2522 Imperii
1322 2444 1420 2506 Domi-

198 2571 202 2578 ·
296 2548 406 2612 natore;
427 2549 575 2598 Bareamae
599 2547 674 2600 enim
688 2549 857 2598 Mammaeae
874 2546 1094 2599 aaacrimoatari
1110 2545 1216 2612 carpsit,
1238 2552 1265 2594 et
1282 2543 1421 2594 Patribeee

295 2631 469 2708 (Episcopis)
489 2645 571 2704 atque
583 2637 779 2690 Sacerdotibus
792 2637 865 2688 idem
880 2635 1016 2703 faciendi
1023 2638 1192 2703 facultatem
1206 2630 1326 2709 (duobus
1346 2632 1419 2684 (lon-
1507 2641 1508 2648 ’

295 2726 440 2780 ciliabnlis
459 2727 564 2780 adhoc
584 2723 702 2800 coactis)
729 2728 862 2780 coacessit
878 2722 930 2800 (ὂ).
951 2728 1061 2779 Ferant
1087 2727 1171 2778 etiam
1188 2722 1245 2800 (⁶):
1267 2725 1420 2775 Pteroaem

296 2819 355 2868 tata
375 2819 435 2885 tepe
447 2818 626 2884 praecepisse,
646 2825 679 2869 at
697 2818 814 2870 caelibes
823 2817 951 2885 feminae
965 2817 1046 2868 bortis
1066 2818 1191 2868 omatibus
1211 2815 1419 2882 spoliarentur.

295 2909 446 2961 Praeterea
473 2911 623 2961 Bareamae
641 2911 708 2960 haec
732 2909 849 2960 acridae
867 2908 999 2960 Pteroaie
1021 2910 1093 2959 elam
1119 2915 1145 2958 et
1167 2907 1262 2958 dolose
1288 2906 1419 2958 inaurar-

294 3000 379 3050 rctat
404 2998 542 3071 adversus
561 2998 722 3052 catholicos
741 2998 850 3064 Synodi
868 2997 1030 3065 Ephesinao
1056 2985 1278 3065 propugnatores
1298 2995 1329 3046 in
1350 2997 1419 3048 Per-

297 3087 354 3140 sico
373 3088 495 3156 Imperio
512 3087 739 3152 tagastensis,
761 3087 867 3156 ajebat,
888 3089 1079 3140 Rornanorum
1092 3085 1178 3152 fidem
1199 3092 1419 3150 teneateoram-

366 3390 409 3470 (α)
426 3395 538 3463 Optime
567 3394 665 3461 itaque
694 3394 800 3446 Paulus
824 3395 859 3447 V.
882 3394 1015 3459 Summus¹
1037 3390 1172 3442 Pontifex
1197 3389 1227 3442 in
1255 3390 1348 3456 Epist.
1382 3390 1419 3443 sd

294 3487 386 3541 Ellam
405 3487 602 3541 Patriareham
621 3485 824 3538 Chaldaeorum
842 3481 921 3555 (Dat.
941 3488 968 3536 8.
983 3484 1049 3536 Kal.
1069 3481 1137 3550 Apr.
1157 3481 1238 3532 4614.
1256 3481 1344 3548 incip.
1361 3483 1419 3534 Du-

294 3580 364 3647 plici
386 3573 501 3651 affcctu)
512 3579 555 3630 ait
570 3597 582 3624 u
598 3575 757 3630 sectatores
770 3575 908 3641 Nestorii,
926 3574 1038 3628 nefaria
1057 3574 1118 3641 ejus
1138 3571 1270 3638 dogmata
1289 3587 1324 3623 ex
1337 3571 1417 3626 (lom-
1505 3641 1506 3644 Ἴ

292 3669 442 3722 mentoriis
461 3669 602 3722 Theodori
620 3667 858 3735 Mopsuesteni....
875 3669 904 3718 et
923 3679 958 3716 ex
971 3665 1029 3731 his,
1042 3665 1093 3731 qui
1113 3664 1147 3716 ab
1172 3664 1232 3730 ejus
1247 3663 1416 3726 ,fautoribus

293 3763 393 3813 contra
411 3762 443 3813 B.
464 3759 603 3827 cyrillum
623 3759 809 3825 Sanctamque
823 3756 994 3824 Ephesinam
1013 3754 1154 3822 synodum
1174 3753 1283 3821 scripta
1299 3753 1418 3806 fuorunt

294 3849 397 3903 callide
415 3851 587 3916 instaurare,
608 3851 694 3916 atque
713 3849 744 3900 in
765 3849 867 3912 vulgus
883 3861 977 3899 serere
997 3845 1176 3897 studuerunt.
1201 3843 1281 3896 Unde
1301 3855 1416 3899 neone

293 3940 443 3995 Osmrffls
460 3941 543 3993 PARS
561 3937 737 4006 postmodum
765 3937 873 3990 iniecta
895 3936 966 4002 luit3
988 3935 1139 4003 praecipue
1160 3933 1345 4000 Unsnnsm,
1368 3934 1417 4000 qui

294 4029 346 4082 hac
365 4029 399 4081 de
417 4043 501 4082 causa
519 4028 652 4094 deinceps
671 4025 837 4081 Nestoriani
856 4025 927 4079 dicti
946 4028 1022 4077 sunt.

364 4113 408 4189 (ὂ)
425 4116 527 4171 Amrns
546 4121 575 4171 et
592 4117 789 4172 Barhebraeus
807 4115 839 4168 in
857 4116 922 4170 rita
940 4115 1075 4183 Babnaei,
1097 4113 1215 4180 aliique.

367 4202 408 4278 (⁶)
424 4205 500 4260 Amr.
521 4207 591 4259 ibid.
