3046 4756
588 174 789 244 -183-

121 292 421 386 Mesopotamiam,
435 303 539 392 atque
561 299 643 370 inde
666 301 705 370 in
720 307 831 372 totam
844 299 1022 372 Ecclesiae
1037 301 1246 376 chaldaicae

123 403 305 493 ingentem
335 405 552 495 provinciam
575 407 713 478 maculo
744 412 869 502 quarto
900 408 1044 480 ineunte
1072 411 1121 480 sit
1150 411 1245 483 inve·

125 516 202 580 ctus
214 511 291 601 (1),
317 517 472 584 attamen
494 514 532 584 in
555 513 645 607 ipsa,
671 515 742 586 huo
764 515 864 604 illuc,
889 515 1045 609 exempla
1066 541 1136 590 non
1165 541 1248 591 rora

129 727 319 740 -ι--ι-

123 857 193 976 (ass
222 840 339 969 imi
361 873 544 947 offis
570 842 695 946 ‘'ai-⁴³¹³
719 844 817 980 fadi
846 872 997 948 ome
1017 845 1101 926 Μ
1123 847 1246 949 oriri-³.

127 1018 381 1088 «conspiciuntur
391 1022 449 1076 vrri
467 1023 538 1092 nes,
559 1023 771 1091 quinariae
798 985 940 1098 „Lae
963 991 1098 1110 pajo}
1119 1011 1139 1084 i
1163 1007 1248 1118 Uiri

123 1139 314 1218 (christiani)
332 1150 489 1216 vocantur,
524 1149 735 1214 aenigmatibus
757 1155 787 1204 et
817 1152 962 1205 miraculis
986 1151 1069 1205 fldem
1096 1167 1174 1206 suam
1203 1168 1247 1206 su-

124 1236 332 1302 perstruxisse.
352 1238 391 1290 Hi
410 1238 539 1305 equidem
561 1240 723 1294 actionibus
744 1241 805 1294 suis
828 1241 943 1294 minIme
962 1241 1067 1295 cedunt
1088 1242 1165 1296 veris
1184 1244 1247 1310 phi·

124 1327 277 1394 losopbis;
303 1333 400 1382 ament
423 1329 497 1382 enim
522 1331 741 1397 temperantiam
762 1335 792 1384 et
809 1333 992 1385 castitatem:
1013 1336 1198 1400 perseverant
1216 1333 1248 1385 in

123 1417 256 1486 Jejuniis,
280 1417 476 1486 adhibentque
499 1435 592 1474 curam
610 1425 644 1474 ut
665 1422 741 1474 nulli
766 1421 903 1491 injuriam
916 1422 1054 1476 inierant.
1077 1421 1149 1477 Sunt
1161 1423 1248 1476 otiam

124 1505 204 1560 iuter
228 1523 297 1576 eos,
321 1508 370 1575 qui
390 1525 440 1576 per
461 1512 551 1564 totum
574 1512 653 1567 vitae
675 1527 741 1566 suae
763 1513 887 1580 spatium
906 1513 1016 1566 nullius
1045 1529 1105 1568 cum
1132 1513 1247 1567 feminis

125 1597 321 1651 commercium
351 1599 503 1654 babeantn
526 1599 570 1654 Ad
592 1602 661 1656 haec
682 1602 765 1656 addit
791 1602 987 1656 Berhebraeus
1010 1603 1173 1657 «contendo
1197 1602 1248 1656 hoc

125 1701 187 1741 esse
205 1687 346 1742 indicium
366 1689 444 1744 vitae
463 1691 657 1760 Ueneticae,
682 1709 753 1760 quae
772 1697 838 1760 post
856 1693 1010 1746 Ascensum
1023 1693 1135 1747 Domini
1154 1694 1249 1747 nostri

125 1779 206 1832 iutra
225 1779 352 1846 spatium
374 1785 486 1834 centum
506 1799 641 1836 annorum
659 1785 816 1837 innotuit.»
838 1783 884 1836 Sic
896 1784 1032 1836 babemus
1045 1783 1159 1848 insigne
1180 1782 1248 1836 Phi·

124 1869 240 1936 losophi
259 1868 377 1923 Etbnioi
390 1887 441 1937 pro
462 1873 633 1927 excellentia
653 1891 776 1940 morum,
796 1877 826 1927 et
847 1873 977 1927 doctriua
994 1873 1177 1926 christianae
1198 1873 1249 1926 Re·

124 1957 246 2023 ligionis
265 1959 424 2028 cultorum,
451 1963 535 2028 atque
558 1977 610 2029 pro
632 1961 790 2017 divinitate
810 1964 933 2028 originis
956 1963 1095 2030 eiusdem,
1121 1979 1248 2016 necnon

125 2046 161 2099 de
179 2051 328 2102 vetustate
346 2050 425 2102 vitae
445 2053 619 2106 monasticae
639 2069 687 2106 seu
706 2054 842 2107 asceticae
856 2054 887 2106 in
905 2053 1002 2106 eadem
1024 2053 1175 2119 Religione
1195 2069 1247 2106 au·

125 2139 238 2205 tiquum
258 2139 485 2194 testimoninma
504 2143 746 2197 Mohammedanis
759 2143 948 2212 scriptoribus
969 2146 999 2198 et
1011 2160 1028 2197 a
1041 2143 1182 2197 iacebitis
1202 2159 1248 2197 no·

124 2229 172 2282 bis
190 2233 389 2284 conservatum
403 2234 432 2284 et
450 2231 656 2298 adprobatum!

197 2315 241 2395 (1)
259 2321 330 2373 Nam
348 2322 533 2376 iionaohatus
552 2323 686 2378 Ordinem
712 2321 862 2394 splendido
887 2322 968 2396 mod9
995 2326 1025 2376 et
1042 2322 1073 2375 in
1092 2323 1178 2390 plena
1197 2337 1248 2376 aua

124 2408 227 2476 forma,
241 2409 473 2476 quemadmodum
490 2408 635 2464 Antonius
653 2411 685 2464 in
701 2411 831 2479 Aegypto
845 2415 874 2464 ot
886 2411 1019 2466 Hilarior
1038 2411 1070 2463 in
1082 2411 1250 2464 Palaestina

124 2503 156 2552 et
174 2499 261 2566 Syria
279 2499 364 2567 primi
382 2499 500 2554 inerunt
518 2501 747 2568 fundatores,sic
765 2500 861 2554 eodem
880 2501 938 2554 fere
957 2505 1093 2568 tempore,
1109 2504 1139 2554 et
1152 2503 1248 2569 paullo

123 2591 194 2644 ante
214 2588 369 2642 Concilium
387 2589 551 2659 Nicaeum,
571 2591 726 2658 Superius,
741 2589 771 2644 S.
786 2591 932 2643 Pachomii
950 2589 1090 2645 annobio
1109 2589 1141 2644 Iu
1162 2591 1251 2646 Meso.

124 2680 281 2748 potamiam
292 2680 417 2733 invexit.
429 2680 463 2732 Id
476 2681 627 2733 innumera
639 2679 920 2748 Syro-chaldaeorum
934 2683 1115 2733 monumenta
1127 2696 1249 2748 compro-

124 2771 207 2826 bant.
228 2772 311 2824 Hunc
328 2785 412 2838 porro
431 2771 465 2824 ob
478 2771 669 2824 reverentiam
681 2770 773 2824 Auum
786 2771 893 2824 horest
906 2771 1017 2822 Patrem
1030 2779 1155 2824 nostrum
1165 2770 1247 2826 Obel-

125 2862 193 2916 daei
212 2863 247 2916 ab
265 2861 353 2914 initio
372 2867 402 2914 et
421 2860 456 2914 ad
474 2862 544 2914 baec
561 2877 648 2928 usque
668 2865 794 2929 tempora
813 2861 971 2928 appellant,
994 2877 1049 2928 qua
1067 2861 1185 2929 proinde
1199 2877 1249 2929 ap·

123 2951 294 3021 pellatioue,
315 2954 345 3002 et
362 2951 475 3018 quidem
494 2953 565 3018 sola,
578 2953 747 3006 sozomenus
765 2953 886 3016 agnovit
897 2952 980 3003 illum
993 2954 1079 3019 atquo
1095 2951 1246 3004 memoriae

124 3043 257 3110 prodidit
273 3037 324 3115 (Η.
338 3043 370 3096 Ε.
396 3044 418 3100 l.
438 3043 464 3094 6.
482 3057 505 3096 c.
524 3043 569 3094 33.
590 3037 668 3116 34.),
690 3043 740 3096 ubi
757 3047 942 3111 posteaquam
961 3057 997 3094 ex
1017 3039 1143 3110 ejusdem
1163 3041 1249 3093 sociis

126 3131 263 3200 quosdam
282 3133 368 3185 etiam
387 3136 630 3186 commemorasset
648 3133 802 3200 subjungit
822 3153 835 3180 u
850 3133 888 3185 Et
907 3147 942 3185 ex
961 3131 1106 3184 monachis
1126 3130 1248 3198 quidem,

125 3225 178 3291 qui
198 3226 257 3274 tum
276 3221 349 3290 apud
367 3220 463 3289 Syros,
485 3224 544 3274 tum
563 3221 638 3289 apud
660 3222 763 3274 Persas
777 3221 858 3288 Syris
877 3221 1015 3274 finitimos
1034 3219 1174 3274 nobiliter
1187 3219 1250 3286 pbi-

125 3313 272 3382 losophati
291 3316 373 3380 sunt,
395 3312 448 3365 isti
467 3311 503 3365 ed
522 3313 658 3366 notitiam
677 3316 805 3366 nostram
825 3313 1019 3379 pervenerunt
1031 3347 1037 3364 .
1051 3347 1058 3362 .
1072 3347 1079 3362 .
1094 3310 1143 3376 qui
1162 3307 1250 3374 Syros

125 3404 187 3458 iere
206 3419 313 3473 omnes,
333 3405 363 3455 et
383 3418 418 3456 ex
437 3403 533 3457 Persis
553 3419 585 3456 ac
603 3403 750 3456 Saracenis
771 3401 1001 3470 quamplurimos,
1017 3399 1053 3454 ad
1071 3398 1250 3463 Religionem

127 3509 205 3548 suam
224 3493 423 3560 traduxerunt,
437 3497 496 3546 eta
515 3494 716 3560 superstitioso
738 3491 902 3546 daemonum
921 3493 1000 3545 cultu
1018 3489 1248 3543 abstraxerunt.»

127 3585 165 3637 Et
184 3599 284 3652 reapse
309 3586 424 3636 sanctus
443 3583 500 3636 iste
520 3582 605 3636 Pater
624 3581 698 3651 apud
718 3582 842 3636 Nisibin
862 3589 891 3634 et
908 3581 939 3634 in
958 3583 1051 3634 moute
1069 3576 1252 3644 Siugerfixit

127 3673 298 3728 coenobium
317 3689 398 3727 suum
418 3675 448 3725 et
466 3672 623 3740 discipulos
643 3671 781 3739 plurimos
793 3670 905 3737 habuit,
921 3671 971 3738 qui
991 3680 1085 3722 tamen
1098 3682 1149 3736 per
1161 3668 1251 3719 totam

126 3764 273 3819 Persidem
293 3768 322 3817 et
341 3763 512 3817 Chaldaeam
531 3762 715 3817 disseminari
734 3765 764 3816 ot
781 3761 917 3815 coenobia
937 3761 1099 3813 construere
1121 3759 1189 3809 tuno
1208 3769 1251 3808 so·

127 3855 187 3908 lum
204 3857 369 3923 potuerunt,
392 3854 503 3922 quando
522 3856 588 3923 post
600 3853 851 3921 persequutionem
863 3851 908 3902 40.
921 3865 1058 3903 annorum
1068 3863 1124 3916 pax
1135 3844 1249 3899 tandem

127 3945 269 3998 Romanos
287 3927 367 3996 inter
390 3947 419 3997 et
431 3946 534 3996 Persas
553 3961 600 3996 an.
615 3942 727 3996 Christi
744 3942 808 3996 363.
828 3941 959 3994 conclusa
979 3937 1059 4006 init,
1080 3937 1127 3990 his
1146 3935 1250 4002 Sapore

129 4034 293 4101 Longaevo,
314 4032 377 4086 illia
397 4033 520 4088 Joviano
538 4032 760 4100 Imperantibus.
781 4031 955 4096 Quamquam
973 4029 1063 4094 igitur
1078 4024 1252 4096 juremerito

131 4125 212 4179 vitae
231 4124 404 4177 monasticae
423 4127 505 4192 pater
525 4126 554 4176 et
571 4121 706 4176 fundator
724 4123 755 4175 in
773 4120 978 4189 Mesopotamia
991 4122 1020 4172 et
1034 4116 1185 4182 Chaldaea,
1197 4115 1253 4167 Eu·

131 4217 237 4282 senius
256 4215 314 4270 iste
327 4215 432 4270 Beatus
451 4213 563 4268 dicatur
582 4215 612 4267 et
630 4213 680 4281 sit;
701 4228 758 4267 uon
777 4215 872 4266 tamen
900 4208 1048 4267 concedam
1075 4211 1141 4264 aute
1158 4206 1254 4275 ipsum
