3056 4756
745 239 922 305 ...96-

47 377 260 494 &gt-nuliam
274 366 410 435 diaconi
427 371 507 436 ante
530 367 847 436 reconciliationem
871 373 907 436 et
929 365 1102 452 unionem,
1124 367 1168 435 ad
1192 367 1342 436 Paulum
1362 369 1397 436 V

49 504 172 548 unionem
196 503 260 548 ma.
274 475 312 543 P.
331 473 379 543 M.
406 475 522 544 missis
546 500 601 544 an.
622 475 710 543 1612
731 476 793 562 (1).

48 565 84 611 ⁵³⁵
100 579 143 612 ³¹¹·
158 567 226 612 ²⁶²²·
340 581 389 650 Et
405 584 448 652 1⁰.
476 583 624 673 quidem,
643 583 681 651 in
700 583 861 673 Epistola
877 583 1105 652 Patriarchae
1120 582 1206 651 haec
1222 582 1399 651 habentur

277 720 293 754 c
319 693 430 760 fateor
454 691 544 783 quod
567 693 726 761 Ecclesia
748 693 904 760 Romana
928 692 978 759 sit
1001 698 1112 760 mater
1134 690 1395 778 Ecclesiarum;

274 805 309 868 et
332 801 393 892 qui
416 800 480 868 hoo
506 824 574 868 non
597 802 650 869 ita
673 802 806 870 fatetur
832 800 880 868 sit
903 800 1098 869 anathema.
1125 801 1152 868 Ο
1176 801 1292 884 Peter,
1318 821 1399 868 ecce

273 907 379 974 Fides
402 929 476 975 maa
499 908 660 996 pervenit
683 907 727 976 ad
750 914 847 976 tuam
872 909 1095 976 sanctitatem
1119 931 1196 977 cum
1208 907 1395 997 Epistolis;

273 1021 308 1082 et
331 1015 451 1084 videas
482 1015 513 1083 si
536 1021 590 1083 est
618 1016 718 1084 dolus
748 1017 786 1084 in
809 1017 1028 1084 Professione
1052 1022 1173 1084 nostra
1197 1023 1260 1083 aut
1282 1037 1395 1100 error,

273 1129 336 1190 aut
358 1123 506 1191 recessio
530 1124 707 1215 quaelibet
730 1149 751 1193 a
774 1125 888 1192 Matre
910 1138 1028 1191 costra
1051 1124 1210 1193 Ecclesia
1225 1125 1398 1191 Romana:

274 1233 386 1317 (tunc)
410 1231 552 1300 admone
575 1237 611 1299 et
626 1232 804 1315 faciemus,
832 1232 911 1298 doce
934 1239 970 1300 et
992 1232 1214 1299 obediemus»
1242 1231 1304 1320 (2).

278 1481 463 1492 —u———n—

343 1638 385 1716 (1)
403 1642 474 1696 Vide
495 1659 527 1696 aa
547 1658 632 1710 supra
650 1661 672 1696 c.
689 1647 715 1696 2.
736 1647 760 1711 §.
772 1646 839 1697 XII.

343 1727 384 1805 (2)
403 1734 478 1788 Haec
496 1735 525 1786 et
544 1735 711 1802 sequentia,
734 1734 805 1802 dixi,
832 1734 965 1787 exhibuit
983 1733 1152 1788 Patriarcha
1173 1733 1254 1785 Elias
1274 1735 1341 1786 ante
1356 1748 1400 1784 re·

272 1822 501 1874 conciliationem
520 1826 549 1876 et
571 1825 716 1892 unionem,
739 1840 810 1890 quse
837 1827 958 1891 quatuor
983 1825 1049 1890 post
1075 1839 1164 1875 annos
1184 1824 1274 1874 locum
1292 1821 1400 1874 habuit

272 1927 331 1964 eum
350 1913 476 1966 Ecclesia
495 1915 621 1968 Romana
639 1917 668 1966 et
681 1913 837 1980 catholica,
854 1930 926 1967 anno
941 1913 1053 1966 scilieet
1067 1913 1147 1965 1616.
1163 1913 1203 1965 Eo
1218 1915 1295 1965 enim
1309 1929 1396 1979 anno,

273 2005 385 2068 accepto
404 2004 548 2070 Responsa
568 2005 653 2056 Pauli
665 2005 699 2059 V.
713 2005 814 2060 habita
833 2003 891 2056 luit
911 2001 1041 2068 synodus
1054 2002 1182 2069 Amidae,
1200 2002 1231 2054 in
1246 2018 1302 2068 qua
1315 2001 1398 2055 Elias

273 2094 301 2145 et
325 2091 538 2160 Archiepiseopi
564 2096 625 2161 sui,
647 2095 802 2159 recognitis
827 2093 941 2147 taudem
966 2097 995 2146 et
1018 2093 1160 2160 abjuratis
1184 2093 1330 2145 erroribus
1349 2109 1398 2145 ue-

272 2182 417 2249 atoriauis,
440 2185 471 2235 in
490 2185 591 2250 primis
610 2185 673 2238 illis
697 2186 777 2238 Actis
804 2185 873 2238 adeo
899 2186 1111 2252 propugnatis,
1133 2187 1163 2236 et
1181 2187 1267 2251 plena
1285 2187 1315 2235 et
1333 2197 1397 2250 per·

271 2271 346 2324 fecta
364 2272 468 2326 idcirco
493 2276 623 2327 conclusa
642 2275 853 2328 Oommuuionis
872 2276 1062 2330 Nestorianae
1080 2271 1148 2348 (hac
1165 2275 1193 2326 4.
1214 2275 1276 2327 viee
1295 2274 1327 2325 in
1346 2289 1397 2325 nu-

272 2376 346 2412 mero
365 2361 639 2415 Reconciliationum
667 2360 854 2434 generalium)
873 2380 933 2416 cum
961 2363 1089 2416 Ecclesia
1117 2364 1244 2415 Romana
1263 2362 1396 2414 Reconci-

270 2451 400 2517 liatione,
422 2453 580 2518 Epistolam
600 2453 769 2519 Synodicam
789 2455 824 2506 ad
844 2453 962 2506 eundem
985 2455 1020 2506 R.
1036 2455 1068 2508 P.
1084 2453 1238 2519 miserunt,
1259 2467 1396 2504 unacum

272 2539 372 2604 Elogio
386 2542 420 2593 D.
430 2541 572 2594 Gabrielis
583 2541 797 2609 Archiepieoopi
808 2544 920 2595 Heeuae
934 2544 964 2594 in
976 2543 1108 2595 honorem
1120 2542 1246 2610 ejusdem
1259 2543 1293 2594 R.
1304 2543 1336 2593 P.
1352 2559 1397 2595 ar·

271 2629 390 2682 tilicicse
401 2630 547 2684 admodum
558 2632 727 2698 conscripto,
737 2635 766 2684 et
776 2631 1015 2698 Elucubrationis,
1026 2647 1109 2697 quam
1120 2631 1210 2684 Adam
1221 2633 1287 2684 olim
1295 2631 1396 2684 Archi-

272 2719 415 2772 mandrita
434 2723 463 2772 et
480 2722 662 2775 Patriarohae
682 2721 906 2775 Archidiaconue
925 2720 1112 2795 (postmodum
1131 2723 1225 2773 autem
1235 2722 1396 2774 Jerusalem

271 2815 300 2863 et
312 2810 399 2864 Amed
411 2809 659 2884 Archiepiscopus)
673 2812 706 2865 de
720 2813 790 2865 Fide
803 2812 959 2880 catholica,
973 2814 1087 2877 Romae,
1103 2815 1307 2878 composuerat,
1323 2828 1394 2865 com·

271 2903 374 2969 paudio
393 2906 423 2956 et
440 2903 655 2969 adprobatione.
676 2904 808 2958 Jamvero
828 2904 891 2956 heic
910 2907 1099 2970 opportunum
1118 2901 1188 2955 duco
1206 2902 1344 2969 quaedam
1359 2920 1395 2956 ex

271 2993 348 3046 hisce
366 2993 446 3046 Actis
466 2996 599 3060 excerpta
611 2994 642 3045 iu
656 3010 714 3046 rem
728 2997 856 3047 nostram
869 2994 1059 3046 confacieutia
1072 2993 1103 3044 in
1116 2992 1239 3045 medium
1252 2993 1392 3062 proferre,

272 3082 345 3148 quod
364 3083 434 3135 licet
452 3081 558 3134 directe
571 3083 685 3134 minime
699 3098 800 3149 scopus
814 3083 899 3149 hujus
914 3081 1045 3148 opusculi
1058 3083 1218 3148 permittat,
1234 3097 1394 3146 congruens

271 3177 364 3224 tamen
376 3187 437 3224 esse
451 3175 601 3238 sequentes
616 3171 738 3224 suadent
752 3172 878 3224 rationes
887 3172 962 3222 -1⁰.
973 3170 1045 3233 Quia
1057 3171 1089 3222 in
1103 3171 1292 3223 relationibus
1307 3173 1394 3224 omni·

271 3263 331 3329 bus,
354 3277 424 3329 quae
444 3265 504 3314 tum
523 3264 589 3314 ante
608 3265 667 3314 tum
685 3264 751 3326 poet
769 3261 901 3314 unionem
915 3259 992 3312 inter
1005 3259 1349 3312 Chaldaeo-nestorianos
1365 3265 1394 3314 et

271 3354 351 3407 Rom.
365 3352 537 3417 Pontificem,
560 3367 592 3404 ea
610 3351 642 3403 in
662 3351 815 3417 occasione,
832 3353 862 3402 et
874 3350 912 3402 iis
931 3351 962 3400 in
983 3349 1137 3418 adjunctis,
1152 3350 1242 3402 locum
1255 3350 1391 3418 habuere,

271 3443 403 3509 nuspiam
421 3445 541 3510 apparet
559 3441 689 3509 quaestio
709 3443 756 3494 vel
776 3441 919 3494 dubitatio
938 3442 1000 3494 ulla
1015 3443 1144 3505 exparte
1157 3441 1393 3494 Nestorianorum

271 3534 346 3586 circa
364 3533 520 3586 Primatum
539 3538 568 3585 et
586 3535 802 3600 praerogativas
822 3531 903 3586 Sedis
921 3529 1101 3598 Apostolicae
1121 3531 1272 3583 Romanae:
1289 3531 1339 3582 sed
1358 3533 1393 3586 de

271 3623 339 3676 aliis
358 3622 509 3689 capitibus,
523 3637 592 3689 quae
607 3623 721 3688 proprie
740 3622 802 3689 ejus
813 3623 909 3676 sectae
924 3621 999 3684 sunt,
1016 3617 1198 3672 solummodo.
1218 3620 1315 3685 Immo,
1329 3635 1393 3673 con·

271 3715 326 3779 tra,
348 3711 422 3778 quod
441 3711 477 3764 ad
497 3712 548 3764 hoc
561 3711 677 3776 attinet,
693 3724 826 3776 expresse
840 3709 1040 3776 protestantur
1052 3707 1217 3760 Nestoriani
1230 3708 1278 3758 illi
1292 3723 1322 3759 se
1336 3725 1393 3762 ma-

269 3804 402 3870 joresque
422 3817 487 3854 suos
507 3817 617 3868 semper
636 3803 711 3852 recte
731 3803 760 3852 et
779 3798 980 3853 favorabiliter
994 3798 1117 3850 sensisse
1132 3796 1330 3852 etoredidisae
1347 3793 1395 3871 (ut

272 3907 357 3959 supra
375 3886 529 3966 vidimus).

343 3983 379 4035 2⁰.
400 3983 433 4034 Id
452 3983 569 4049 insuper
587 3983 775 4048 opportunum
795 3978 895 4032 suadet
908 3978 1042 4044 analogia
1055 3977 1176 4047 subjecti
1188 3976 1308 4032 hctuum
1321 3979 1392 4032 isto-

272 4088 334 4125 rum
354 4075 382 4125 et
401 4073 524 4126 omnium
543 4072 740 4142 adjunctorum
759 4070 836 4124 tanti
855 4069 946 4122 raeci.

342 4162 379 4214 3⁰.
400 4163 473 4225 Quia
492 4163 533 4216 sic
555 4163 707 4215 exhibetur
730 4160 865 4214 veritatis
892 4159 1066 4225 catholicae,
1089 4160 1118 4210 et
1136 4159 1165 4212 S.
1181 4157 1261 4211 Sedis
1280 4160 1392 4213 exalta-

274 4253 363 4305 tionis
383 4253 576 4321 amatoribus,
596 4254 805 4307 Monumentum
833 4251 997 4306 Sententiae
1022 4249 1240 4315 Chaldaeorum,
1261 4251 1328 4315 post
1346 4265 1392 4304 eo·
