3036 4750
761 259 804 268 -
828 243 861 284 1,
886 256 928 268 ..

368 347 539 427 Profecto
566 346 697 424 maiori
717 373 760 423 ao
778 371 875 423 nova
903 344 1118 423 confusione
1145 347 1405 448 cooperientur

289 471 426 548 saeculi
439 472 530 548 XVI
548 474 770 548 novatorum
790 469 961 564 asseclae,
983 469 1060 570 qui,
1079 472 1162 572 post
1178 471 1397 566 Lutherum,

287 598 622 701 Magdeburgenses
645 595 822 698 aliosque,
848 597 1071 688 Romanam,
1095 620 1139 672 ac
1165 597 1317 698 proinde
1344 599 1404 673 to-

286 727 363 799 tam
382 721 610 800 Catholioam
628 719 832 800 Ecclesiam
859 719 1073 798 recentioris
1101 719 1340 823 imposturae,
1360 747 1403 797 ac
1500 745 1501 784 1

285 847 536 925 innovationis
554 847 722 924 incusare
741 845 822 923 ausi
842 848 940 940 sunt,
965 845 1063 921 circa
1081 845 1189 947 plura
1215 846 1402 922 doetrinae
1500 841 1501 846 ’

286 973 418 1074 capita,
451 997 565 1074 quum
592 971 678 1074 ipsi,
712 997 732 1047 e
760 973 903 1064 contra,
926 969 1005 1047 veri
1024 969 1184 1047 nominis
1194 973 1401 1074 Novatores

285 1102 395 1199 atque
430 1099 626 1175 mendaces
661 1099 698 1174 et
734 1097 834 1190 sint,
867 1099 903 1174 et
940 1097 986 1174 ab
1014 1094 1086 1172 illis
1122 1097 1178 1172 uti
1204 1096 1297 1173 tales
1325 1121 1400 1172 ma-

284 1222 415 1301 nifeste
453 1248 497 1299 ac
530 1221 743 1301 solemniter
781 1221 1051 1314 convincantur
1079 1246 1122 1297 ac
1148 1223 1394 1316 damnentur,

229 1394 230 1410 κ
284 1350 417 1451 quibus
437 1350 563 1426 eadem
582 1350 767 1452 Dogmata
794 1350 882 1424 sunt
909 1347 1077 1450 antiqua,
1101 1351 1139 1423 et
1166 1347 1242 1448 qui,
1267 1347 1353 1425 licet
1377 1374 1401 1424 a

285 1474 412 1576 quinto
441 1473 582 1552 Christi
610 1473 756 1550 saeculo
784 1473 955 1550 adhunc
984 1497 1100 1574 usque
1128 1473 1227 1550 diem
1255 1473 1300 1548 ab
1327 1471 1401 1549 Ec-
1501 1487 1502 1582 ᾗ

285 1599 397 1676 clesia
415 1601 588 1678 Romana
615 1603 652 1677 et
671 1599 864 1679 Catholioa
882 1597 1009 1692 excisi,
1033 1597 1245 1702 Religionis
1273 1601 1400 1675 tamen
1501 1625 1502 1628 ‘

283 1731 321 1803 et
338 1726 580 1804 Hierarchiao
607 1725 764 1803 formam
792 1725 1050 1820 custodientes
1074 1749 1150 1801 non
1177 1725 1400 1801 destiterunt

282 1853 474 1930 exsistere.
505 1853 558 1931 nt
584 1879 624 1929 re
651 1853 798 1955 quidem
825 1877 926 1948 vera,
951 1853 1066 1954 quum
1094 1852 1139 1927 ab
1166 1850 1248 1953 ipsa
1276 1854 1400 1928 nesto-

283 1977 450 2055 rianismi
478 1977 634 2080 origine,
658 2005 701 2056 ac
728 1979 909 2081 deinceps,
931 2002 1136 2079 numquam
1153 2002 1230 2055 non
1257 1979 1398 2080 conspi-

283 2103 403 2180 ciatur
429 2130 556 2183 eorum
584 2106 710 2182 eadem
736 2106 777 2182 in
806 2106 997 2183 credendis
1025 2129 1109 2182 cum
1128 2103 1293 2182 Ecclesia
1319 2105 1398 2182 Ro-

282 2253 394 2304 mana
421 2227 672 2324 conformitas,
696 2227 846 2306 obvium
873 2228 1073 2330 unicuique
1092 2231 1147 2305 est
1165 2227 1394 2304 concludere:

281 2378 355 2430 non
385 2353 496 2432 aliam
532 2379 638 2458 posse
674 2355 884 2432 huiusmodi
921 2352 1171 2432 conformitati
1208 2351 1400 2454 assignari
1502 2392 1503 2444 ,

281 2503 471 2576 caussam,
504 2481 577 2558 nisi
611 2481 756 2559 haeresi
784 2483 895 2583 atque
923 2480 1121 2558 schismate
1147 2480 1395 2581 antiquiorem

281 2604 389 2681 fidem
416 2630 459 2681 ac
495 2606 754 2684 traditionem:
786 2607 903 2700 Item,
935 2607 973 2683 et
1004 2628 1070 2706 pro
1106 2609 1270 2707 tempore
1298 2605 1395 2705 quod

279 2731 604 2808 nestorianismum
629 2732 836 2836 praecedit,
870 2732 1015 2809 nullam
1041 2729 1248 2808 istiusmodi
1283 2729 1394 2807 tradi·

278 2854 521 2933 tionibus'acc
534 2858 683 2936 redendi
701 2858 838 2936 rationi
856 2859 938 2936 dari
958 2882 1064 2960 posse
1078 2857 1271 2958 originem,
1288 2880 1393 2958 prae·

277 2982 335 3055 ter
353 3005 477 3077 unam,
496 3009 588 3086 quae
607 2985 742 3086 ubique
760 2985 886 3062 eadem
906 2984 1063 3078 exstitit,
1079 2981 1219 3059 scilicet
1234 2983 1395 3082 Aposto-

277 3105 398 3182 licam.
430 3109 522 3186 Heio
549 3110 646 3186 enim
674 3108 877 3212 applicatur
905 3107 1213 3212 Praescriptionis
1244 3106 1386 3208 regula,

278 3256 388 3332 quam
399 3233 660 3332 Tertullianus,
684 3235 889 3312 Lirinensis
908 3235 1043 3337 aliique
1062 3234 1236 3311 adversus
1263 3233 1393 3310 haere-

277 3357 369 3436 ticos
397 3383 524 3448 omnes
550 3363 628 3437 tarn
656 3386 784 3438 secure
811 3387 855 3438 ac
880 3366 958 3438 tam
985 3361 1124 3438 invicte
1147 3361 1341 3464 urgebant.

357 3484 507 3562 Interim
536 3485 608 3564 duo
627 3487 688 3564 hic
706 3489 898 3565 adnotasse
926 3487 1084 3564 iuvabit:
1109 3485 1293 3564 Primum:
1315 3510 1391 3562 non

277 3609 355 3686 sine
374 3611 524 3713 speciali
538 3613 698 3691 Divinae
712 3612 973 3692 Providentiae
992 3612 1231 3716 dispositione
1250 3611 1390 3688 factum

276 3735 403 3832 videri,
418 3739 514 3839 quod
529 3739 719 3817 Sectarum
737 3740 915 3834 omnium,
933 3763 1028 3840 quae
1047 3739 1116 3814 sub
1134 3737 1247 3817 Caelo
1266 3762 1390 3840 super-

273 3863 374 3956 sunt,
405 3863 677 3966 antiquissima,
702 3865 917 3944 nestoriana
944 3888 1088 3966 nempe,
1114 3864 1153 3940 in
1181 3863 1328 3941 formali
1347 3890 1393 3942 ao

273 3986 419 4090 integro
446 3986 561 4066 ferme
587 3988 814 4068 hierarchioo
843 4015 911 4068 suo
937 3993 1051 4084 statu,
1080 3988 1259 4066 semiviva
1285 3988 1387 4085 licet,

273 4111 393 4188 adhuc
411 4113 599 4209 subsistat,
620 4114 883 4192 vetustissimis
902 4118 1050 4217 patrum
1070 4137 1222 4190 suorum
1236 4113 1390 4190 circum-

274 4238 361 4314 data
396 4237 646 4335 documentiS,
677 4242 862 4344 tenaxque
889 4241 1094 4318 adhaerens
1130 4240 1389 4320 traditionibus
