3036 4750
371 318 494 408 Itaque
510 317 587 384 luce
602 314 793 383 meridiana
809 315 939 384 clarius
954 315 1079 406 liquet:
1101 316 1344 406 Principatum
1365 319 1424 407 ju·

303 424 522 496 risdictionis
545 425 586 492 B.
603 425 700 492 Petri
716 445 820 512 super
836 424 1021 512 Apostolos
1037 445 1077 492 ac
1090 429 1199 492 totam
1212 425 1422 510 Ecclesiam,

302 532 494 624 etquidem
517 554 558 599 ea
580 538 708 600 natura
730 540 834 621 atque
851 531 900 615 vi,
919 553 988 621 qua
1012 531 1136 600 melius
1157 555 1178 599 e
1201 533 1279 601 viro
1303 533 1425 602 catho-

301 641 371 709 lico
388 639 578 708 desiderari
601 646 761 730 nequeat,
779 660 800 706 a
816 637 955 708 Christo
972 639 1116 706 Domino
1132 640 1313 725 collatum,
1328 643 1425 730 apud
1491 715 1492 720 ,

303 745 529 816 Nestorianos
556 767 671 812 omnes
694 750 730 812 et
753 746 880 834 ubique
896 766 1039 834 sempor,
1058 751 1160 812 extra
1175 767 1306 814 omnem
1322 747 1424 816 dubi·
1490 731 1493 822 Ι

302 852 450 921 tationis
473 851 595 934 aleam,
613 851 750 940 jugiter
773 850 907 934 haberi,
928 857 966 920 et
988 859 1160 920 assertum
1183 874 1224 922 ao
1248 854 1424 924 creditum

305 959 427 1030 fuisso.

306 1249 368 1301 dem
378 1249 552 1312 argumento,
564 1243 749 1312 congerendis
759 1243 992 1297 Nestorianorum
1003 1245 1201 1312 monumentis,
1214 1247 1274 1312 qui,
1286 1248 1423 1314 ceterum,

307 1351 466 1403 numquam,
480 1337 533 1388 bac
552 1352 637 1404 super
656 1351 696 1401 re,
717 1335 806 1387 ullam
825 1348 935 1386 movere
955 1333 1171 1402 dubitationem,
1187 1336 1372 1402 quantumvis
1392 1338 1425 1390 in
1498 1369 1499 1374 =

307 1427 463 1481 schismate
479 1424 589 1494 jamdiu
607 1426 778 1492 pertinaces.
805 1425 910 1478 Verum
931 1422 1044 1489 quidem
1064 1425 1109 1476 est
1120 1463 1126 1490 ,
1148 1425 1230 1476 utin
1249 1426 1351 1478 relatis
1372 1427 1426 1479 vix
1499 1455 1500 1464 κ

306 1519 485 1572 insinuatum
503 1515 637 1582 vidimus,
657 1515 688 1567 in
708 1514 894 1582 sequentibus
914 1516 1007 1567 autem
1026 1514 1202 1567 documentis
1221 1531 1278 1568 non
1297 1530 1361 1569 raro
1376 1532 1426 1568 ex·

307 1608 407 1676 plicita
426 1607 604 1674 disputatum
621 1608 766 1671 occurret,
787 1605 875 1671 ipsos,
897 1604 1031 1656 nimirum
1045 1605 1233 1660 Nestorianos
1252 1605 1426 1660 contendere

308 1698 340 1749 B.
355 1696 434 1749 Petri
451 1696 595 1748 Primatus
614 1694 708 1748 divini
735 1693 950 1760 praerogativas
977 1708 1026 1744 suo
1048 1692 1235 1747 Patriarobae
1254 1699 1425 1761 competere.
1502 1684 1503 1732 i

308 1785 363 1840 Ast
381 1801 428 1839 eas
446 1787 532 1838 Dotos
551 1786 582 1836 in
601 1785 633 1836 B.
648 1785 732 1836 Petro
752 1799 807 1835 non
826 1782 889 1834 ideo
908 1783 1033 1850 praecise
1057 1783 1244 1850 praedicant,
1268 1785 1337 1852 quia
1356 1801 1427 1838 suae
1503 1778 1504 1794 ¹

310 1876 520 1930 (lommunionis
540 1874 632 1942 Oaput
644 1873 745 1926 iisdem
759 1873 942 1927 cohonestare
955 1874 986 1924 in
1000 1873 1093 1927 animo
1106 1879 1273 1941 posuerunt3
1288 1875 1338 1928 sed
1348 1875 1424 1943 ideo,

310 1971 342 2019 ut
359 1967 553 2033 unusquisque
572 1965 662 2031 primo
673 1959 791 2015 'intuitu
805 1963 935 2030 percipit,
948 1963 1017 2029 quia
1031 1963 1160 2030 PrIncipi
1178 1963 1379 2032 Apostolorum
1393 1967 1427 2020 iu
1505 1970 1506 1976 ’

311 2058 412 2110 bonum
431 2055 582 2120 Ecclesiae,
603 2054 671 2107 illas
685 2052 825 2106 aOhristo
843 2054 963 2106 collatas
981 2057 1139 2121 cernentes,
1160 2058 1190 2107 et
1207 2056 1364 2122 credentes,
1386 2059 1428 2109 at·

312 2163 375 2215 que,
396 2161 446 2214 pro
464 2146 582 2200 Unitate
601 2143 750 2210 servanda,
772 2144 946 2196 necessarias
967 2159 1027 2196 esse
1041 2145 1179 2210 persuasi,
1197 2160 1247 2198 sno
1261 2145 1354 2198 Primo
1368 2145 1427 2198 Au-

309 2237 401 2290 tistiti
414 2251 463 2289 ceu
476 2235 617 2288 Ecclesiae
636 2249 716 2300 suae,
733 2237 766 2286 ut
783 2233 863 2285 unice
882 2247 975 2298 verae,
990 2232 1095 2301 Oapiti,
1112 2250 1179 2299 prae
1199 2222 1315 2300 ceteris,
1330 2237 1428 2288 exclu-

313 2325 384 2391 sivo,
407 2324 537 2390 dixerim,
552 2339 612 2377 oum
633 2323 787 2379 manifesta
805 2321 1042 2388 contradictione,
1054 2323 1115 2374 suis
1128 2325 1223 2375 tamen
1243 2323 1428 2378 cohaerentes

313 2415 397 2469 falsis
416 2414 577 2482 principiis,
590 2413 665 2466 omni
679 2412 784 2480 studio,
800 2413 934 2465 nituntur
946 2411 1161 2464 accommodare.
1182 2415 1222 2464 De
1237 2412 1331 2466 codem
1344 2429 1428 2480 argu-

314 2508 407 2557 mento
430 2507 557 2558 resumet
574 2503 666 2556 oratio
684 2503 714 2555 in
734 2502 918 2569 sequentibus
938 2500 1046 2554 duobus
1065 2501 1217 2568 capitibus.
