3036 4750
616 239 794 307 ..17-

143 366 183 427 et
204 359 448 428 thesaurorum
473 361 669 450 Religionis
694 385 786 434 meae
803 364 981 434 eredentes
997 365 1033 432 in
1050 389 1113 434 me.
1140 355 1188 434 Et
1203 367 1267 436 hoc

144 473 200 534 est
223 467 424 535 mandatnm
449 491 560 536 meum
584 471 674 559 quod
697 472 764 538 tibi
789 472 965 542 committo
988 481 1023 540 et
1038 473 1117 562 lego
1135 475 1265 563 praeei-

143 597 223 663 pue,
242 597 325 664 prae
342 575 467 643 ceteris
480 577 636 644 omnibus
653 578 839 664 mandatis;
859 587 899 645 ut
915 579 1056 647 edoceas
1074 603 1189 648 omnes
1207 581 1266 647 ho-

145 684 255 750 mines
279 681 460 749 scientiam
484 683 668 766 Veritatis,
686 691 721 752 et
744 693 926 774 praecepta
949 686 1150 776 Evangelii,
1179 709 1266 778 quae

144 812 203 858 ecs
226 790 424 858 conducunt
446 791 490 858 ad
514 792 672 880 Regnum
696 793 908 862 Cselorumn
933 793 995 881 (1).

213 896 248 962 3⁰
270 895 318 964 Et
340 896 410 964 alio
433 897 519 981 loeo,
538 897 692 986 ejusdem
705 900 847 967 Oraculi
863 900 1059 988 evangelici
1077 901 1265 990 paraphra-

146 1004 212 1072 sim
237 1005 369 1072 faciens
392 1004 442 1073 eie
459 1006 584 1074 scribit
599 1008 657 1095 (G.
667 1009 719 1093 4.)
745 1037 761 1071 u
780 1009 876 1076 Illud
902 1032 1001 1095 pasce
1016 1010 1103 1074 miti
1129 1033 1265 1077 sensum

144 1111 241 1204 hunc
257 1111 362 1179 habet
386 1111 502 1178 «Este
526 1116 613 1180 ciecs
637 1138 725 1180 meas
748 1139 893 1204 perans»
920 1123 957 1184 et
978 1116 1108 1184 dicens:
1128 1117 1265 1183 Arietes

144 1243 233 1286 meos
256 1234 288 1284 et
311 1220 430 1309 Apros
453 1244 539 1286 meos
570 1235 602 1286 et
637 1223 788 1288 oviculas
819 1247 908 1289 meaa
939 1223 1119 1312 signifieat
1148 1247 1265 1292 omnes

145 1327 283 1396 omnino
307 1328 425 1397 fideles
457 1330 641 1420 utriusque
669 1352 794 1414 senne,
820 1337 895 1400 tum
929 1331 1163 1420 principales,
1190 1338 1262 1400 tum

143 1435 286 1520 medies,
313 1442 390 1503 tum
412 1435 578 1504 infimos»
604 1438 669 1524 (2).

210 1543 275 1610 ΙΧ.
303 1543 482 1612 Audietur
512 1567 605 1613 nunc
631 1545 730 1613 Elias
754 1546 916 1614 Damasci
946 1545 1172 1636 Metropolite
1195 1547 1261 1616 Ne-

143 1652 323 1720 storienus
337 1652 401 1739 (3),
420 1654 480 1744 qui
501 1653 538 1720 iu
554 1677 617 1720 suo
630 1654 880 1738 Nomooanone,
896 1655 956 1722 ubi
974 1655 1015 1722 de
1028 1656 1130 1723 Actis
1145 1656 1265 1723 unius-

143 1761 316 1850 cnjusque
340 1761 587 1849 Apostolorum
611 1762 701 1850 egit,
724 1761 834 1851 primo
858 1763 932 1830 loeo
953 1763 997 1830 de
1020 1763 1179 1830 B.Petro
1195 1763 1264 1830 dis-

143 1869 246 1952 serit,
273 1890 373 1958 quem
397 1869 551 1958 appellat
577 1869 727 1937 «Simon
754 1870 871 1959 Cepha
893 1870 1088 1960 Principem
1105 1871 1264 1960 Discipu-

142 1979 269 2060 lorum,
282 2000 343 2044 seu
360 1977 609 2066 Apostolorum
626 1977 782 2064 (H.1.).n
808 1977 856 2044 Et
871 1978 1014 2067 insuper
1032 1977 1260 2066 praeclarius,

143 2085 205 2152 ubi
231 2084 273 2153 de
297 2085 484 2154 haereticis
508 2086 596 2174 egit,
615 2086 659 2153 ad
675 2085 902 2153 Marcionites
927 2085 1082 2168 veniens,
1097 2085 1189 2152 inter
1213 2107 1263 2152 oc-

143 2198 239 2260 teros
262 2214 379 2260 eorum
403 2215 550 2278 errores,
570 2194 606 2260 in
625 2195 717 2262 hunc
740 2193 1002 2280 animadvertit,
1022 2192 1112 2282 quod
1138 2192 1263 2260 udixe·
1344 2178 1346 2190 ’

215 2470 258 2544 (1)
278 2472 324 2526 Sic
341 2473 476 2526 hebemus
491 2487 525 2524 ex
538 2472 740 2538 Evangelierio
760 2473 925 2524 nestoriano
944 2471 977 2523 de
1001 2487 1056 2538 qno
1076 2473 1191 2524 consule
1209 2471 1263 2540 Ap-

144 2564 230 2631 pend.
245 2565 269 2615 1.
290 2563 377 2615 Porro
397 2565 441 2614 est
460 2562 574 2614 obvium
596 2562 695 2614 videre
713 2551 1030 2627 Paraphrasim'istam,
1051 2561 1264 2627 Abulpharegio
1328 2630 1330 2636 Ι

143 2658 243 2707 uestro
263 2655 337 2706 certe
359 2650 583 2718 adscribendam,
599 2650 683 2704 valde
702 2654 795 2720 majus
814 2650 959 2717 acquirere
976 2650 1084 2716 pondus
1098 2666 1132 2709 ex
1146 2666 1177 2702 eo
1191 2651 1264 2717 quod

143 2745 174 2797 in
193 2743 400 2807 Evangeliario
420 2743 653 2795 Nestorianorum
673 2743 714 2794 sit
732 2743 851 2808 inserta,
868 2744 897 2793 et
909 2741 967 2805 legi
982 2742 1079 2793 solite.
1101 2741 1170 2792 Inde
1190 2742 1264 2792 enim

144 2834 280 2886 hahemus
299 2846 354 2884 nou
368 2831 463 2896 unius,
480 2831 665 2896 quantumvis
684 2830 782 2884 eximii
795 2834 825 2882 et
838 2844 925 2896 penes
945 2845 1040 2881 omnes
1054 2831 1185 2893 gregales
1199 2844 1264 2881 suos

145 2921 347 2989 acceptissimi,
371 2901 515 2986 Doctoris;
538 2920 586 2972 sed
609 2921 766 2972 Universae
783 2919 1016 2972 Nestorianorum
1036 2918 1262 2985 communionis,

144 3012 356 3076 testimonium,
378 3012 550 3076 quasillum
577 3011 634 3062 sibi
655 3009 806 3062 vindicans
826 3009 993 3063 solemniter
1013 3009 1155 3073 sancivit,
1178 3012 1263 3074 atque

145 3102 226 3156 Juris
245 3103 290 3153 sui
310 3099 681 3164 Ecclesiastico-Domuum
701 3098 869 3164 declaravit,
890 3114 940 3164 per
958 3098 1141 3163 Lectionem,
1164 3095 1265 3150 vidali-

146 3197 199 3258 cet,
219 3192 373 3259 publicam,
397 3191 478 3242 iutra
500 3189 644 3242 adorande
656 3190 760 3242 Missae
784 3188 916 3242 sacrificii
935 3187 1083 3254 hystoria,
1105 3188 1194 3240 locum
1214 3187 1262 3240 hs·

148 3283 271 3336 beatem.

216 3366 262 3444 (2)
281 3370 328 3423 Sic
345 3369 466 3422 habetur
484 3370 515 3422 in
535 3385 624 3436 parva
643 3368 816 3435 Perephrasi
840 3369 926 3436 hujus
944 3365 1076 3420 Auctoris
1095 3365 1130 3417 ab
1150 3364 1263 3417 Ecchel-

148 3462 220 3514 lensi
239 3460 365 3527 laudata,
387 3459 420 3512 de
440 3475 497 3527 qne
515 3460 546 3512 in
565 3458 727 3526 Appendioe
747 3460 771 3510 1.
1211 3470 1214 3476 ·

215 3546 257 3622 (3)
276 3550 348 3605 Vide
368 3565 441 3616 quae
461 3549 495 3602 de
514 3550 570 3603 isto
592 3550 731 3616 scriptore
751 3550 890 3601 notentur
908 3547 939 3599 iu
951 3544 1120 3612 'Appendice
1140 3546 1164 3596 1.

150 3681 672 3837 ΝΞΞΨΜΞῦαΜ
685 3733 849 3806 &³⁴⁶⁴ss
871 3689 970 3826 ἐξ]
994 3686 1194 3810 llfflffll
1349 3829 1357 3839 .

150 3866 297 3974 lh-clh
324 3898 384 4006 (λ’
408 3870 499 3978 whl
522 3870 660 3973 mlicle
683 3875 802 3972 Μ(
824 3868 1006 3975 We&-
1032 3869 1151 3973 oelss‘e
1174 3875 1265 3972 ste

395 4062 506 4174 (Q
528 4040 622 4175 pil
646 4048 698 4147 ,el
721 4037 835 4138 mill
857 4051 1029 4144 ciffis
1052 4058 1125 4140 a»)
1148 4037 1264 4139 esth
1349 4132 1351 4138 ,

560 4239 697 4331 specul
722 4220 816 4347 ow')
840 4237 934 4316 hasil
957 4258 1079 4338 (ψ)
1100 4265 1195 4343 (sn.)

1106 4370 1126 4428 2
