3036 4750
65 454 69 460 .
140 392 316 465 talibus...
332 393 394 488 qui
416 396 533 463 autem
556 393 820 504 transgreditur
842 395 932 466 hanc
941 395 1057 485 fidens,
1074 393 1258 466 anathema

140 506 223 572 estn
243 501 306 590 (Η.
319 501 384 587 4).

205 609 255 678 H.
281 608 370 679 Item
392 609 653 680 Damascenus
642 634 680 679 un
695 611 764 682 fine
780 612 906 702 operis,
924 611 986 682 ubi
1001 612 1042 682 de
1058 611 1178 684 ordine
1194 612 1259 679 Pa-

137 716 375 788 triarcharum
398 718 554 804 disserit,
571 719 683 810 primo
705 718 780 790 loco
794 719 1037 789 Patriaroham
1052 720 1181 789 Romae
1200 743 1259 789 no·

138 825 274 912 minat,
301 827 344 897 de
368 849 434 919 quo
457 826 510 896 ait
535 827 708 896 «Primus
735 827 945 898 Patriarcha
974 832 1028 897 est
1049 827 1260 898 Patriarcha

138 934 279 1018 Romae,
299 933 361 1025 qui
382 934 419 1003 id
442 933 547 1003 habet
562 934 704 1004 honoris
728 940 765 1005 et
787 935 1024 1026 praestantiae
1047 958 1150 1027 super
1170 941 1258 1005 cete·

138 1064 196 1110 ros
213 1065 329 1111 omnes
343 1042 582 1128 Patriarehas,
601 1050 643 1115 ut
657 1044 795 1137 quando
804 1043 991 1115 Provincia
1003 1043 1143 1113 ordinat
1157 1067 1258 1113 snum

137 1149 392 1236 Patriarcham,
410 1150 469 1220 hic
484 1151 529 1221 ad
545 1151 648 1221 illum
671 1175 707 1222 se
734 1153 890 1222 conferre
913 1150 1046 1238 debeat,
1074 1157 1258 1244 antequam

137 1258 176 1326 in
191 1280 256 1328 sua
268 1258 356 1328 Sede
369 1259 556 1352 quidquam
568 1259 762 1351 praecipiat
777 1266 839 1329 aut
853 1259 1036 1351 prohibeat
1052 1259 1117 1349 (1),
1136 1265 1177 1328 ut
1187 1259 1258 1350 ipsi

138 1367 371 1436 obedientiam
382 1372 536 1459 praestet
548 1368 598 1457 (2)
608 1374 645 1439 et
657 1367 930 1437 benedictionem
941 1366 1115 1458 postulet»
1128 1366 1255 1455 (mu).

205 1474 390 1560 domuere,
417 1497 570 1568 quaero,
596 1482 778 1568 poteratne
801 1477 901 1546 homo
923 1477 1175 1560 Nemesianus,
1202 1497 1259 1544 cu·

134 1581 198 1671 jus
217 1581 321 1652 Secta
335 1604 357 1650 a
373 1583 525 1676 quinque
548 1585 655 1654 ferme
679 1584 829 1655 saeculis
849 1585 923 1675 jem
946 1584 1140 1654 exsistebat
1164 1604 1259 1672 sepa-

136 1695 219 1758 rata
241 1691 284 1758 ab
306 1690 399 1760 omni
424 1692 651 1761 submissione
674 1702 711 1763 at
734 1692 968 1762 communione
999 1715 1077 1760 oum
1099 1689 1259 1760 Ecclesia

137 1799 306 1884 Romana,
324 1804 361 1870 at
375 1821 477 1869 suum
499 1799 568 1870 sibi
587 1801 661 1892 jam
678 1801 910 1872 constituerat
924 1797 1176 1884 Patriarcham,
1191 1820 1259 1866 ma·

142 2102 201 2176 ¹3³
214 2096 330 2203 isi-‘⁸³
355 2145 445 2203 we·
470 2165 478 2182 ·
504 2166 511 2182 ·
535 2099 653 2235 ‘2³24'
668 2101 840 2209 smmi
854 2146 903 2196 w
918 2087 1087 2204 [fimas
1103 2108 1197 2188 (Μ’)

955 2313 1125 2435 qcfiffl‘
1148 2293 1260 2396 &isaii

210 2479 257 2560 (1)
275 2485 394 2540 Phrasis
414 2489 459 2542 est
477 2489 600 2557 arabica,
616 2486 870 2561 quassigniflcatur
883 2502 952 2542 usus
962 2484 1185 2556 jurisdictionis,
1209 2497 1259 2550 per

138 2579 301 2645 praecepta,
323 2577 442 2644 scilicet,
463 2579 590 2646 positiva
608 2584 638 2633 et
656 2579 802 2646 negativa.

211 2661 257 2740 (2)
276 2666 398 2722 Verbum
417 2669 560 2723 arabicum
580 2669 696 2725 videtur
713 2687 730 2724 a
749 2671 995 2738 syriacorum,
1008 2667 1151 2735 syriacum
1165 2667 1258 2719 autem

139 2775 259 2832 videtur
276 2776 367 2830 fuisse
394 2767 435 2853 σο]
459 2768 552 2848 'issi
583 2779 742 2831 consentiat
767 2778 830 2844 illi,
861 2778 908 2833 vel
938 2764 1030 2848 *qn-in
1061 2774 1202 2838 osculari,
1230 2777 1260 2826 et

137 2885 323 2938 reverentiam
343 2892 502 2952 praestare,
525 2884 682 2938 consentire
699 2886 753 2938 etc.
783 2883 914 2938 Ueterum
939 2884 1026 2938 alium
1049 2881 1177 2938 Oodicem
1202 2897 1259 2935 non

138 2975 243 3041 habui,
263 2976 376 3042 praeter
397 2973 578 3041 vaticanum,
600 2987 655 3040 quo
680 2972 782 3026 melius
811 2973 961 3026 lectionem
980 2974 1011 3026 et
1029 2985 1127 3026 verum
1146 2985 1260 3024 sensum

139 3065 311 3129 detegerem.
332 3063 500 3132 donjectnra
518 3078 579 3116 mea
596 3061 717 3116 fundata
734 3061 849 3116 videtur
870 3076 905 3115 ex
917 3061 1014 3116 indole
1040 3062 1128 3116 totins
1149 3061 1256 3128 operis,

139 3151 218 3222 quod
230 3156 283 3220 est,
296 3154 329 3206 ut
342 3151 413 3220 dixi,
432 3153 467 3207 ab
487 3155 600 3206 auctore
623 3167 657 3205 ex
678 3151 791 3218 syriaco
804 3166 927 3220 versum,
943 3155 973 3205 et
985 3167 1020 3206 ex
1032 3153 1177 3205 contextu.
1196 3150 1259 3203 Non

138 3245 236 3298 autem
247 3242 445 3310 improbabilis
456 3245 501 3296 est
510 3243 574 3310 ipsa
584 3242 669 3296 lectio
680 3243 794 3304 arabica
804 3243 835 3296 in
847 3257 895 3297 suc
909 3244 1024 3311 proprio
1041 3257 1134 3308 sensu,
1150 3239 1201 3308 qui
1214 3243 1260 3293 est

138 3333 262 3385 tradere:
276 3332 359 3400 quasi
368 3332 493 3386 Romano
505 3332 688 3387 Patriarchae
700 3333 753 3386 ille
773 3333 821 3401 qui
835 3347 908 3388 novo
922 3332 1104 3387 renuntiatus
1117 3333 1193 3384 esset
1205 3331 1259 3383 Pa·

139 3423 270 3477 triarcha
282 3421 410 3477 traderet
419 3435 503 3476 manu
515 3422 714 3478 auctoritatem
725 3423 896 3476 nominalem
909 3438 996 3490 suam,
1009 3424 1042 3475 ut
1054 3436 1158 3486 veram,
1170 3421 1200 3473 et
1209 3420 1259 3473 ha·

138 3513 286 3568 uilitatem
299 3511 336 3567 ad
348 3527 429 3567 usum
440 3513 588 3584 reciperet,
601 3516 635 3567 ut
645 3513 710 3582 ipsc
722 3512 811 3567 series
823 3513 938 3582 phrasis
951 3527 1008 3566 non
1019 3511 1134 3566 obscure
1145 3506 1257 3564 suadet.

212 3703 311 3782 (ιιι)
328 3707 551 3779 sacraturum
565 3663 782 3765 sacasani]
798 3675 882 3782 ἅζεο)
916 3670 1011 3781 &22³³
1041 3672 1112 3778 diii
1041 3664 1260 3777 didymi

142 3849 434 3976 mandra.
434 3874 643 3976 saorra„
645 3853 829 3976 einata
805 3865 1262 3974 ..samnatica

138 4067 289 4157 ...aa
322 4067 761 4201 oewfecwsrb
789 4059 1260 4172 oidedisaeicsso1²⁶

1044 4292 1116 4342 Α·
1141 4259 1260 4366 &We
