3046 4756
150 331 374 423 Schythiani
397 331 591 422 discipulus
615 332 679 418 (1).
699 330 748 398 Hi
772 337 855 400 sunt
871 331 1051 424 praecipui
1068 332 1154 422 Syri
1176 331 1281 400 Lito-

150 463 275 511 rarum
295 441 424 532 periti,
451 441 560 531 hujus
576 441 720 510 saeculi.

148 641 151 646 Ι
220 549 307 617 VH.
339 549 504 617 Jamvero
534 548 828 639 praetereundum
852 571 921 618 non
952 555 1005 618 est
1039 550 1280 620 documentum

152 679 238 726 sane
254 657 474 746 praeclarum
497 656 542 726 ad
566 657 868 726 demonstrandam
895 659 1073 748 ingentem
1101 659 1280 728 dilatatio-

153 789 232 836 nem
244 764 444 854 Religionis
456 764 669 834 christianae
679 764 752 856 jam
768 767 909 852 factam,
927 773 1010 836 ante
1026 767 1201 836 saeculum
1216 768 1281 837 hoc

153 874 357 958 secundum,
376 873 414 942 in
431 879 505 942 toto
528 873 673 964 imperio
690 874 866 960 Parthico,
886 881 922 944 et
945 875 1099 944 ulterius
1114 876 1152 944 in
1168 877 1212 944 iis
1228 877 1280 945 ni-

152 983 283 1050 mirum
305 981 520 1070 regionibus,
548 1003 635 1072 qnae
659 1003 736 1050 cum
759 987 857 1066 tunc,
885 987 961 1050 tum
985 983 1147 1074 deinceps
1161 983 1279 1053 Eccle-

151 1090 244 1158 siam
269 1088 479 1158 Chaldaeum
504 1089 782 1174 constituebant,
810 1091 901 1182 qnod
923 1091 1158 1160 Bardessanes
1181 1091 1280 1159 nobis

152 1197 300 1266 exhibet
315 1198 351 1264 in
367 1197 528 1287 Dialogis
549 1197 590 1265 de
609 1197 790 1266 Libertate
806 1199 978 1284 Hominis,
1001 1199 1089 1269 uvel
1112 1199 1153 1268 de
1177 1200 1279 1288 Legi·

152 1325 222 1392 bus
239 1323 435 1412 Regionum
452 1350 468 1385 n
493 1306 632 1396 Xissbl?
661 1319 767 1396 ipae:
789 1325 958 1394 adversus
970 1323 1221 1394 Chaldaeorum
1238 1327 1279 1394 dc

153 1449 247 1519 Fato
259 1449 466 1518 doctrinam.
487 1450 595 1518 Porro
610 1450 648 1518 in
664 1451 862 1539 fragmento
875 1451 984 1540 hujus
997 1450 1139 1541 Dialogi
1157 1474 1279 1540 graece

156 1558 266 1642 versi,
280 1559 324 1625 ab
346 1558 496 1626 Eusebio
519 1558 619 1626 nobis
643 1564 848 1628 conservato
872 1559 955 1648 (lib.
982 1559 1015 1627 6.
1037 1559 1139 1649 Prop.
1161 1558 1278 1627 Evan-

156 1665 229 1754 gel.
250 1689 279 1734 c.
296 1665 367 1751 10.)
386 1667 448 1754 (2),
468 1667 519 1735 sic
538 1664 689 1736 disserit
697 1667 943 1736 Bar-Daissan
962 1667 1031 1734 cln
1049 1665 1156 1756 Syria
1175 1689 1280 1758 quon-

155 1773 237 1842 dam
250 1777 285 1840 et
297 1771 473 1842 Osrhoene
488 1772 669 1866 plerosque
682 1774 766 1864 Opis
779 1774 816 1841 in
828 1773 991 1842 honorem
1003 1773 1161 1842 abscindi
1173 1773 1279 1841 moris

154 1888 247 1949 erat:
258 1903 379 1950 verum
391 1903 498 1972 quum
510 1887 651 1970 repente
661 1881 829 1969 jussisset
840 1897 901 1950 rex
913 1882 1090 1970 Abgarus,
1101 1887 1141 1950 ut
1154 1881 1280 1972 quibus

154 1987 313 2056 abscissa
328 1989 479 2058 verenda
492 1994 618 2073 essent,
637 1989 682 2056 iis
699 1988 803 2056 etiam
827 2012 948 2058 manus
971 1988 1276 2076 abscinderentur,

154 2119 255 2165 nemo
280 2119 315 2164 se
339 2097 499 2186 deinceps
522 2097 559 2163 in
583 2100 659 2164 tota
681 2095 857 2165 Osrhoene
881 2097 1045 2166 abscidit.
1065 2087 1158 2180 Quid
1178 2120 1281 2188 porro

156 2206 200 2294 de
216 2204 495 2274 Christianorum
510 2205 681 2273 Institnto
696 2204 862 2290 dicemus,
881 2203 983 2294 cujus
1006 2227 1068 2274 nos
1092 2210 1279 2274 sectatores

154 2320 345 2383 eternium
368 2318 403 2380 et
425 2337 573 2381 mvnasrs
595 2314 634 2380 in
657 2335 967 2381 resecaremus
989 2312 1200 2398 exstitimus,
1218 2314 1279 2404 qui

46 2499 49 2504 ¹
154 2427 273 2494 tamen
297 2421 334 2488 in
358 2421 451 2488 omni
475 2443 551 2488 oum
575 2421 686 2496 (iente
709 2427 785 2490 tum
810 2421 968 2505 climate,
994 2443 1062 2490 uno
1086 2443 1202 2490 omnes
1224 2444 1278 2490 eo·

156 2529 303 2620 demque
328 2528 463 2596 nomine
491 2528 661 2617 appellati
684 2529 820 2597 sumus'l
843 2529 1031 2598 Enimvero
1054 2552 1116 2598 nec
1139 2530 1177 2598 in
1200 2555 1278 2598 enn-

157 2659 239 2703 rnrn
261 2657 602 2720 onersrruu1,euern1
624 2635 720 2719 licet,
736 2636 898 2726 pluribus
922 2641 1073 2705 utuntur
1093 2639 1275 2725 uxoribus,

156 2769 220 2814 nec
243 2743 281 2811 in
304 2768 408 2810 unone
431 2743 839 2840 defunctorum'oorpora
855 2744 998 2814 canibus
1016 2745 1198 2835 objiciunt,
1215 2769 1279 2816 nec

155 2853 197 2922 in
219 2875 368 2936 rnnsmn,
393 2853 518 2919 Persae
539 2851 636 2937 licet,
663 2852 756 2922 filias
778 2851 904 2922 uxores
927 2853 1072 2939 ducunt,
1098 2875 1161 2945 nec
1185 2856 1277 2944 apud

177 3048 364 3060 ——-—----

230 3146 519 3224 (1)1)oi11013udda
539 3151 657 3217 loquor,
680 3150 727 3216 qui
747 3149 919 3214 Schythieni
939 3165 1048 3218 servus,
1070 3149 1227 3216 discipulus
1248 3154 1277 3204 ct

155 3243 250 3307 heres,
273 3239 304 3292 in
322 3238 449 3305 Perside,
470 3239 594 3292 Menetis
612 3239 789 3306 impietatem
808 3239 1032 3305 praeseminasse
1054 3240 1083 3290 et
1094 3237 1200 3292 ibidem
1213 3255 1277 3306 per-

157 3331 240 3398 iisse,
262 3330 314 3382 hoc
333 3330 454 3396 saeculo,
477 3327 576 3381 lertnr.

228 3415 274 3494 (2)
291 3419 369 3472 Idem
388 3419 489 3472 Euseb.
504 3419 540 3470 Η.
554 3419 586 3470 Ε.
602 3418 622 3470 l.
638 3418 688 3472 IV.
708 3433 807 3472 rursus
826 3419 914 3472 istum
932 3421 1081 3484 Dialognm
1090 3417 1276 3474 Berdessanis

157 3512 303 3576 memorat,
324 3511 354 3560 et
371 3508 489 3560 Hieron.
509 3508 540 3559 in
560 3506 621 3560 (lat.
636 3506 740 3574 Script.
757 3509 832 3562 Eccl.
852 3510 895 3562 ait
909 3529 922 3556 a
934 3509 1117 3564 Clarissimus
1131 3512 1160 3561 at
1178 3507 1276 3561 fortis·

157 3600 246 3654 simus
256 3599 340 3665 liber,
364 3613 444 3665 quem
457 3600 549 3652 Marco
563 3597 689 3650 Antonio
710 3597 744 3650 de
757 3599 827 3652 Fato
841 3598 965 3652 tradidit
982 3598 1160 3670 Bardesancs
1180 3619 1193 3648 o
1207 3599 1276 3651 item

51 3697 54 3701 '
157 3688 346 3758 Epiphanio
358 3688 490 3756 Panerio,
512 3691 541 3741 et
559 3688 677 3740 Photins
697 3677 763 3741 aod.
784 3689 847 3741 223.
868 3691 955 3742 Porro
971 3688 1057 3758 hujus
1076 3687 1190 3754 Dialogi
1204 3689 1278 3754 freg-

156 3781 284 3834 mentum
303 3779 420 3830 exhibet
438 3782 551 3846 praeter
563 3779 726 3844 Eusebium,
748 3778 853 3830 Auctor
871 3779 1108 3845 Recopmitioaam
1127 3779 1179 3832 snb
1201 3779 1276 3830 falso

158 3869 272 3922 nomine
291 3867 446 3920 Clementis
464 3867 594 3934 Romani,
617 3867 691 3934 quod
709 3867 836 3920 Rnffinus
857 3869 956 3934 vertit;
972 3870 1002 3919 et
1021 3867 1171 3920 Caesarius
1190 3868 1274 3932 areg.

158 3957 334 4013 Nazianzeni
352 3955 442 4010 frater
461 3957 492 4008 in
511 3957 630 4022 Dialogo
650 3958 701 4024 IL,
723 3957 793 4009 licet
810 3971 869 4008 cnm
889 3957 1011 4024 aliquali
1030 3956 1120 4034 modo,
1142 3959 1181 4023 at,
1201 3955 1275 4022 quod

158 4050 254 4116 magni
273 4047 409 4100 momenti
429 4048 481 4112 est,
505 4047 616 4098 textum
634 4045 749 4110 Dialogi
768 4045 938 4110 originalem
957 4046 1123 4099 Aremaeum
1142 4046 1276 4098 habemns

159 4156 175 4194 a
193 4157 222 4194 v.
234 4155 259 4192 c.
271 4138 393 4192 dureton
413 4136 520 4188 editum
533 4135 564 4187 in
577 4135 729 4202 Spicileqio
749 4136 874 4201 Syriaco,
890 4151 924 4189 ex
944 4135 1011 4193 Ccd.
1024 4136 1166 4192 Nitriensi
1184 4134 1275 4190 Musei

158 4228 330 4296 Britannici,
352 4241 442 4295 quem,
464 4241 498 4278 ox
517 4228 609 4296 parte,
630 4211 692 4279 heio
712 4225 794 4283 dabo.

1042 4341 1156 4434 ¹12
