3056 4756
606 239 785 306 ..61-

131 374 168 437 et
190 367 405 450 confitemur,
431 367 521 458 quod
545 367 619 456 ipse
643 373 707 436 est=
721 391 897 436 successor
920 368 962 436 B.
978 369 1079 438 Betri
1102 369 1250 440 Univer-

131 476 216 543 salis
239 475 376 544 Vicarii
398 474 423 542 J
425 499 485 543 esu
508 475 643 544 Christi
673 499 777 567 super
806 500 922 545 omnes
953 478 1046 546 filios
1072 479 1251 548 Ecclesiae

132 586 174 651 ab
197 583 338 651 Oriente
363 607 471 676 usque
494 583 532 651 in
555 584 822 652 Occidentem...
839 590 873 653 et
896 608 957 654 nos
983 588 1046 655 sub
1074 588 1151 676 ejus
1176 589 1251 656 obe·

133 691 266 760 dientia
289 715 409 760 sumus
480 698 516 760 et
538 694 612 782 ipse
636 694 715 782 pius
743 697 847 762 Pater
878 719 921 763 ne
945 701 1086 764 avertat
1108 719 1129 762 a
1152 698 1251 766 nobis

133 799 257 866 faciem
280 822 391 882 suam,
418 822 525 890 quum
549 801 657 868 simus
681 824 796 869 omnes
820 803 950 871 fratres
974 802 1010 870 in
1031 802 1191 888 Christo,
1218 811 1255 872 ct

17 993 18 1000 ἵ
132 905 209 994 ejus
231 906 299 974 filii
324 928 386 995 per
409 927 527 975 veram
551 907 653 976 fidem
678 908 930 977 catholicam.»

647 1185 678 1258 5.
698 1178 743 1246 X.

199 1467 294 1537 Ante
317 1467 538 1551 labalaham,
559 1473 594 1535 et
609 1488 699 1533 anno
722 1465 859 1535 Christi
882 1466 982 1536 1247.
1009 1469 1153 1538 Rabban
1179 1473 1255 1540 Ara

132 1578 298 1647 Vicarius
311 1575 477 1660 Orientis,
489 1575 550 1667 qui
566 1575 677 1644 vicem
693 1575 858 1642 nimirum
875 1577 1018 1664 gerebat
1035 1579 1090 1646 sui
1100 1580 1255 1648 Patriar·

17 1698 18 1788 ᾗ
132 1686 218 1754 chae
242 1683 431 1773 Sabarjesu
454 1683 491 1750 in
516 1685 626 1751 Terra
644 1683 717 1769 Sin,
739 1708 800 1752 seu
824 1684 861 1751 in
883 1683 1009 1772 Cataja
1030 1693 1066 1753 et
1090 1687 1255 1756 Tartaria

18 1799 20 1854 t
132 1793 310 1876 orientali,
329 1815 391 1860 suo
415 1797 451 1859 et
474 1793 529 1859 sui
553 1793 705 1881 praefati
731 1791 971 1877 Patriarohae,
990 1793 1256 1886 Archiepiscopi

131 1901 319 1984 Nisibeni,
350 1899 498 1967 aliorum
529 1899 675 1967 duorum
697 1900 1060 1990 Archiepiscoporum,
1087 1909 1122 1970 et
1145 1903 1255 1971 trium

134 2011 387 2100 Episcoporum
410 2007 557 2091 nomine,
580 2008 725 2096 scripsit
737 2013 777 2076 'et
791 2009 889 2076 misit
911 2009 1069 2076 libellum
1088 2010 1191 2079 Fidei
1214 2013 1258 2080 ad

18 2135 21 2160 '³
133 2119 313 2187 Summum
335 2116 538 2184 Pontificem
561 2115 804 2184 Innocentium
827 2116 891 2186 IV.
910 2140 985 2184 cum
1002 2117 1163 2207 Epistola
1190 2119 1252 2206 (1).

131 2228 181 2295 In‘
192 2228 264 2294 ista
286 2225 448 2316 Epistola
471 2225 556 2293 haec
574 2225 716 2293 exhibet
731 2225 897 2294 Vicarius
914 2225 1061 2294 orientis
1077 2226 1253 2295 Nestoriu-

132 2357 269 2418 norum,
291 2333 392 2424 quasi
408 2333 449 2401 de
468 2356 571 2418 more,
591 2339 626 2401 et
640 2334 681 2401 de
697 2333 814 2422 prisca
832 2335 1001 2424 majorum
1025 2357 1165 2403 suorum
1182 2357 1256 2403 sen·

17 2501 18 2504 ,
132 2443 248 2512 tentia
269 2442 357 2509 «Ac
380 2441 610 2530 praesentiam
628 2444 742 2531 Papae
759 2443 949 2531 magnifici,
968 2466 1010 2510 ex
1027 2449 1127 2532 parte
1144 2443 1254 2527 illius,

133 2553 195 2643 qui
219 2551 311 2640 petit
334 2550 506 2618 orationes
530 2550 606 2638 ejus
629 2550 666 2618 in
698 2551 894 2618 subsidium
926 2550 1123 2618 debilitatis
1155 2573 1254 2635 suae,

17 2729 18 2733 ,
133 2661 280 2730 Rabban
303 2659 417 2742 Arae,
443 2659 580 2727 Vicarii
611 2658 787 2743 Orientis,
814 2658 992 2726 adorantis
1016 2659 1109 2726 inter
1136 2669 1258 2726 manus

134 2770 224 2859 ejus.
236 2767 391 2834 -Patri
410 2767 567 2852 Petrum,
582 2767 706 2836 Decori
721 2770 917 2851 Pastorum,
933 2767 1189 2835 misericordiae
1205 2767 1258 2836 vi-

17 2893 19 2972 ξ
134 2883 204 2960 tae,
221 2875 312 2942 fonti
329 2874 472 2964 pietatis
488 2880 524 2942 et
538 2875 792 2964 indulgentiae,
804 2875 1035 2942 intercedenti
1052 2899 1114 2964 pro
1131 2875 1257 2964 populo

19 3020 20 3039 1
133 2985 287 3068 Domini,
313 2985 467 3072 perfecto
491 2984 527 3050 in
550 2983 704 3069 Divinis,
723 2983 909 3051 excellenti
931 2984 968 3050 in
992 2984 1251 3072 spiritualibus,

136 3093 214 3162 Soli
235 3091 420 3180 justitiae,
441 3073 556 3180 ¹Cujus
586 3091 650 3158 lux
683 3092 796 3159 oritur
826 3113 929 3180 super
960 3097 1110 3182 quatuor
1138 3093 1259 3160 mundi

19 3192 25 3215 '
135 3203 291 3284 climata,
319 3199 380 3290 qni
403 3199 498 3268 lucet
513 3207 549 3268 et
565 3199 722 3289 splendet
739 3200 776 3266 in
792 3199 963 3268 Ecclesiis
981 3200 1164 3268 catholicis
1181 3224 1258 3268 san·
1356 3277 1358 3280 ¹

135 3311 224 3394 ctis,
250 3307 402 3376 Cherubi
426 3331 605 3397 corporeo,
632 3315 667 3376 et
695 3308 841 3397 Seraphi
869 3330 1011 3392 carneo,
1038 3309 1172 3377 tenenti
1201 3310 1258 3376 Se·

135 3419 212 3486 dem
244 3417 287 3483 B.
311 3417 433 3500 Petri,
460 3417 607 3484 Domino
631 3429 727 3501 meo,
755 3415 980 3484 sanctissimo
1012 3417 1124 3505 Papae
1153 3417 1259 3484 Urbis

20 3568 21 3593 1
134 3528 266 3594 Romae
289 3529 325 3592 et
348 3525 498 3592 omnium
530 3525 717 3592 Climatum
751 3524 925 3592 mundi...
945 3547 1058 3593 coram
1084 3525 1260 3592 Deo...—

20 3712 26 3729 ·
134 3633 306 3702 Pervenit
329 3632 374 3699 ad
396 3655 459 3698 nos
481 3631 642 3722 Epistola
665 3637 785 3702 vestra
802 3654 889 3723 quae
905 3655 947 3700 ex
963 3632 1125 3700 mandato
1142 3636 1260 3700 vestro

23 3783 30 3807 2
135 3741 272 3810 excelso
296 3740 493 3831 conscripta
517 3746 615 3808 est...
634 3746 768 3808 eteam
792 3763 895 3830 super
912 3741 1029 3809 oculos
1046 3745 1183 3808 nostros
1199 3763 1255 3829 po-

20 3892 24 3905 ι
137 3851 272 3919 suimus
342 3853 378 3916 ct
394 3850 444 3916 sic
468 3847 642 3916 diximus:
669 3849 751 3938 quia
767 3848 936 3918 viderunt
953 3848 1045 3918 oculi
1061 3848 1173 3918 nostri
1189 3847 1259 3939 pie-

144 4057 333 4067 ——n

206 4183 250 4260 (1)
269 4186 343 4240 Vide
363 4202 434 4253 quae
454 4186 487 4238 de
506 4187 564 4261 isto
582 4186 709 4240 Rabbam
728 4160 805 4252 Are,
827 4187 857 4238 et
876 4184 938 4253 ejus
956 4182 1036 4238 Actis
1066 4185 1207 4240 adnotabo
1226 4189 1257 4240 in

136 4276 301 4346 Appendice
320 4276 344 4328 I.
