3036 4750
611 179 791 246 ..49-

204 307 273 376 Hic
298 306 645 377 animadvertendum
668 307 756 376 duco
778 307 810 374 Ιο
826 305 918 376 hunc
935 329 956 374 a
971 307 1160 377 Benattibo
1177 307 1263 375 alla-

138 423 215 487 tum
240 439 404 486 canonem
427 415 484 484 illi
512 415 724 484 adamussim
756 437 962 502 consonare,
990 440 1090 509 quem
1116 439 1159 485 ex
1181 416 1265 488 Elia

1 609 2 612 Ἴ
138 526 352 595 Damasceno
369 547 476 615 supra
492 526 530 592 in
547 524 816 613 §.praecedenti
832 525 954 593 attuli.
979 524 1068 593 Item
1085 525 1264 595 chaldaice

139 633 299 716 eundem,
325 638 362 701 et
383 632 508 700 iisdem
535 633 608 700 fere
631 631 831 720 phrasibus,
858 631 963 700 habet
984 631 1179 720 Ebedjesus
1204 631 1263 699 So·

138 741 256 808 bensis
273 741 311 808 in
323 740 495 830 Epitome,
521 763 619 831 quem
643 740 680 806 in
699 739 857 832 sequenti
881 747 913 822 §-
929 740 1126 809 afferemua
1146 737 1263 806 Canon

138 870 223 918 vero
241 848 319 932 isto,
332 847 393 940 qui
408 869 428 914 a
443 847 631 915 Benattibo
648 846 780 917 dicitur
797 847 967 916 secundus
982 847 1076 916 inter
1091 847 1264 917 Nicaenos

139 980 160 1024 a
183 956 350 1025 Maratha
378 955 415 1024 in
439 955 626 1045 Syriacum
656 977 718 1023 seu
748 955 976 1024 Chaldaicum
1003 955 1216 1040 translatos,
1243 977 1265 1022 a

137 1067 353 1135 Damascene
377 1065 522 1154 ponitur
550 1064 723 1133 secundus
746 1064 840 1132 inter
863 1084 1010 1131 oenones
1031 1064 1164 1153 abipso
1183 1067 1264 1152 post

137 1173 302 1242 nicaenos
325 1172 527 1256 recensitos,
554 1177 590 1240 at
613 1172 840 1240 communiter
863 1172 906 1238 ab
926 1171 1084 1238 omnibus
1106 1174 1262 1259 receptos

139 1282 266 1368 dictos3
292 1282 336 1348 ab
357 1279 534 1368 Ebedjesu
557 1302 641 1350 varo
664 1279 797 1348 dicitur
820 1303 862 1346 ea
885 1280 1115 1361 oecumenicis,
1132 1319 1176 1331 —
1194 1301 1264 1368 qua

140 1388 420 1457 denominatione
450 1387 579 1478 ubique
601 1389 634 1458 N
637 1387 772 1457 icaenos
796 1387 988 1476 intelligit,
1015 1410 1076 1456 seu
1099 1408 1184 1478 quos
1207 1385 1263 1454 nti

137 1497 231 1566 tales
254 1496 506 1581 habet-iste,
526 1497 679 1586 inquam,
698 1518 807 1564 canon
830 1495 921 1564 idem
944 1499 998 1564 est
1020 1517 1061 1564 ac
1084 1495 1146 1587 qui
1169 1495 1263 1563 inter

139 1606 244 1695 oulqo
270 1604 426 1674 arabicos
450 1605 514 1672 sub
539 1627 633 1672 num.
650 1605 693 1670 37
715 1603 876 1672 habetur.

209 1711 388 1804 Quidquid
412 1717 527 1780 autam
551 1711 600 1779 sit
622 1712 663 1780 de
690 1711 814 1779 horum
846 1712 1065 1780 arabicorum
1095 1731 1263 1780 canonum

139 1821 289 1910 origine,
316 1819 588 1888 authenticitate
611 1829 648 1888 et
671 1819 883 1888 auctoritate
910 1819 1104 1904 definitive,
1131 1825 1263 1889 certum

138 1933 195 1997 est
219 1933 256 2015 a)
279 1927 434 1996 eruditos
457 1927 643 1995 nonnullos
666 1927 824 2016 opinari:

210 2036 254 2104 1⁰.
275 2035 338 2103 Sin
353 2035 469 2103 minus
484 2035 669 2118 Nieaenae,
687 2034 894 2104 Sardicenae
911 2040 1003 2105 certe
1019 2035 1263 2105 adscribendos

140 2143 257 2214 videri
281 2143 417 2235 aliquos
441 2165 483 2211 ex
506 2141 564 2210 his
587 2143 788 2210 canonibus.
1178 2225 1183 2234 ⁸

208 2251 253 2320 2⁰.
279 2251 328 2320 Et
350 2257 425 2318 tum
448 2251 618 2318 Romanos
642 2251 828 2320 Pontifices
850 2250 1113 2342 antiquissimos
1136 2255 1178 2320 ut
1199 2251 1224 2319 J
1226 2275 1263 2320 u·

139 2361 229 2428 lium
253 2359 284 2424 Ι.
309 2357 457 2426 Leonem
480 2358 510 2426 Ι.
539 2363 575 2426 et
597 2357 777 2425 Innocent.
800 2356 831 2424 Ι.
858 2362 934 2425 tum
959 2356 1138 2446 Synodum
1162 2379 1263 2449 gene·

2 2547 5 2572 ἱ
139 2468 251 2536 ralem
281 2472 317 2536 et
342 2467 567 2555 Ephesinam,
594 2471 629 2534 et
650 2465 788 2534 Arelat.
814 2464 847 2532 2.
873 2469 949 2533 tum
972 2465 1035 2534 SS.
1051 2467 1175 2535 Patres
1197 2467 1263 2534 Ba-

141 2575 275 2658 silium,
289 2574 523 2659 Ambrosium,
547 2575 800 2664 Augustinum,
821 2573 1074 2644 Theodoretum
1093 2574 1261 2667 aliosque,

142 2683 308 2775 quosdam
335 2706 377 2751 ex
401 2681 497 2750 hisce
520 2683 709 2751 canonibus
733 2683 920 2754 adduxisse
943 2686 984 2751 ut
1005 2681 1188 2769 Nicaenos,
1211 2706 1263 2752 ao·

141 2814 290 2883 rumque
306 2791 550 2860 auctoritatem
570 2791 743 2860 exaltasse
759 2797 802 2860 ut
816 2791 1109 2876 authenticorum,
1137 2796 1173 2860 et
1196 2791 1262 2859 sal·

142 2905 213 2967 tem
240 2905 282 2966 ut
304 2921 345 2966 ea
372 2898 645 2984 continentium,
672 2921 759 2991 quae
781 2899 852 2968 nisi
874 2900 918 2968 ab
941 2900 1099 2967 omnibus
1123 2903 1264 2989 accepta

142 3007 308 3090 fuissent,
330 3012 366 3075 et
383 3005 439 3075 uti
461 3006 620 3095 legitime
645 3011 791 3091 statuta,
807 3006 918 3098 aliqui
941 3006 1201 3088 reclamassent,
1228 3013 1264 3075 et

142 3111 217 3184 vim
239 3114 415 3204 allegatae
433 3115 659 3184 auctoritatis
682 3137 821 3205 negare,
840 3115 898 3185 val
914 3114 1088 3218 suspicari
1109 3137 1178 3182 non
1200 3114 1262 3184 du·

143 3222 328 3291 bitassent.

211 3330 352 3398 Certum
376 3333 429 3397 est
453 3330 486 3417 d)
509 3330 552 3398 ab
575 3329 813 3399 Orientalibus
835 3352 967 3420 semper
981 3329 1062 3398 illos
1078 3328 1188 3398 fuisse
1210 3351 1262 3398 re·

143 3443 272 3529 coptos,
290 3438 376 3506 etin
391 3436 663 3506 collectionibus
679 3437 919 3527 synodalibus,
934 3443 974 3506 ut
985 3439 1145 3506 nicaenos
1157 3436 1263 3506 inser-

142 3553 209 3633 tos,
220 3546 408 3615 Chaldaice
420 3547 557 3637 quidem
571 3570 631 3616 seu
644 3546 894 3652 Syriacexapud
904 3544 1262 3636 Syros-Nestorianos

142 3663 178 3724 et
202 3653 509 3744 Syro-Jacobitas3
537 3654 675 3724 arabice
698 3661 814 3724 autem
829 3653 921 3745 apud
937 3651 1069 3722 eosdem
1086 3651 1180 3743 ipsos
1201 3652 1262 3742 qui

148 3861 335 3874 *ι

141 3990 302 4096 μβ
329 3980 755 4097 sis-‚qzqffltfl
778 3991 975 4095 [ola-a)
998 3988 1115 4087 ὦ
1137 3968 1263 4126 (wedre

971 4181 1261 4305 ··d·'³)ffl

1121 4327 1141 4387 4
