3056 4756
729 136 908 204 ..98-

260 253 316 324 nis
339 263 450 329 scatet
472 263 571 355 (qnos
586 283 721 333 errores
737 268 773 334 et
795 264 986 361 PaulusV.
1000 265 1040 335 P.
1054 265 1102 337 Μ.
1119 264 1313 336 rescribens
1328 264 1378 334 ei·

261 361 336 436 dem
359 369 518 458 notavit)
542 369 626 441 haec
650 373 836 443 confitetur
862 402 879 438 u
904 373 1064 466 Suscipio
1088 397 1182 442 omne
1204 374 1295 467 quod
1319 369 1376 439 do·

262 595 448 619 m

260 746 364 802 terram
382 750 544 806 uniuersam
562 768 613 821 per
631 753 834 808 successionem
853 769 948 808 veram
969 757 998 808 et
1016 753 1155 821 legalem,
1177 747 1248 822 quas
1267 753 1303 806 ab
1323 753 1378 808 illo

259 830 388 892 derivata
400 844 453 908 est,
473 855 533 896 oum
552 845 675 912 seipsum
695 860 751 897 uon
770 839 926 911 laudasset,
947 847 980 898 nt
998 843 1231 909 essetPontilax;
1253 842 1303 895 sed
1326 843 1378 910 qui

260 921 336 979 dixit
354 927 396 981 ei:
411 946 495 996 pasce
515 932 587 986 milei
608 951 697 1001 opaea
717 951 789 988 meos
807 937 852 988 eto
855 973 932 990 .......
948 937 1070 989 Praeter
1090 934 1143 988 hoo
1161 934 1377 988 fundamentum

259 1029 338 1073 nemo
356 1021 436 1074 aliud
454 1027 549 1092 potest
567 1041 679 1093 ponere.
710 1028 749 1079 Et
770 1027 833 1080 ideo
852 1028 939 1081 etiam
958 1041 1010 1080 uos
1031 1029 1170 1094 ponentes
1189 1026 1378 1080 fundamenta

258 1105 340 1164 Pidei
358 1117 473 1168 nostrae
491 1131 577 1184 super
596 1117 669 1171 hanc
688 1122 797 1186 petram
817 1119 997 1185 immobilem,
1013 1115 1093 1171 modo
1107 1117 1236 1174 omnibus
1247 1111 1319 1170 haec
1334 1116 1378 1171 di·

198 1247 201 1252 ,
257 1199 363 1256 cimus:
380 1205 439 1273 jam
458 1209 603 1261 transacta
626 1215 693 1263 sunt
715 1211 854 1278 antiqua:
876 1223 951 1272 nuno
975 1223 1043 1263 vero
1063 1223 1213 1277 quamnam
1230 1207 1377 1260 ceritatem

257 1300 358 1346 rectam
375 1295 542 1365 invenietis,
563 1299 689 1367 Fratres,
710 1305 825 1368 praeter
843 1316 910 1363 eam,
933 1314 1005 1365 quas
1022 1306 1061 1352 est
1078 1302 1201 1362 Eumae,
1222 1295 1377 1352 secuudum

259 1383 467 1452 dispositionem
484 1387 557 1443 Dei?
576 1390 652 1457 Ideo,
674 1391 754 1445 decet
771 1407 866 1445 omnes
877 1390 1060 1457 christianos,
1077 1390 1254 1456 ubicumque,
1267 1402 1378 1440 seruare

257 1479 409 1544 praecepta
427 1477 540 1531 Domini
559 1479 650 1547 Papae
669 1483 755 1548 plena
773 1481 860 1547 vitae,
882 1482 915 1532 ut
934 1479 1072 1547 pupillam
1093 1478 1179 1544 oculi,
1192 1481 1221 1530 ot
1240 1477 1377 1546 abjurare

258 1569 287 1621 et
304 1580 435 1634 respuere
450 1583 545 1623 omnes
560 1569 705 1638 haereses,
720 1575 749 1625 et
762 1562 1005 1626 anathematiaaro
1019 1585 1066 1622 eos
1076 1584 1181 1635 omncs,
1197 1567 1247 1634 qui
1259 1584 1276 1620 a
1288 1567 1376 1621 verbe

209 1699 212 1705 .
257 1656 382 1726 ejusdem
402 1658 561 1728 discedant,
583 1662 633 1728 qui
653 1661 798 1716 adducunt
816 1662 948 1715 fallacias
964 1662 1050 1730 juxta
1068 1675 1145 1714 suam
1164 1657 1309 1727 propriam
1328 1671 1377 1712 vo·

255 1748 408 1803 luntatonu.
428 1749 555 1804 Ecclesia
567 1755 659 1805 autom
672 1751 813 1805 catholica
823 1751 925 1805 Romae
938 1765 988 1818 per
1000 1749 1269 1803 anathematismum
1283 1747 1376 1802 dator·

255 1839 346 1892 minat
364 1838 413 1912 (h.
429 1854 454 1894 o.
469 1837 605 1908 decernit,
626 1836 749 1915 defluit)
767 1845 866 1896 contra
887 1855 1087 1908 quemcumque
1106 1838 1203 1893 variat
1221 1838 1376 1892 veritatem

257 1929 426 1995 synodorum
445 1921 607 1984 sanctarum
626 1933 864 1986 molestarum...
878 1930 1060 1984 ADHAESIO
1080 1930 1200 1985 PORRO
1219 1928 1377 1984 DEOISIO-

257 2020 365 2075 NIBUS
383 2020 502 2074 Pares
521 2021 747 2076 necessrium
765 2021 832 2076 EST
844 2021 936 2076 0qu
948 2021 1074 2074 EIDELI
1086 2019 1135 2074 ΔΙ)
1148 2018 1377 2073 LUORANDA'E

256 2111 372 2166 VITAE
390 2111 534 2166 ANIMAE
554 2112 683 2166 SUAE.»
704 2115 740 2166 2⁹.
765 2115 800 2166 In
823 2113 915 2166 altero
943 2126 1068 2164 sermono
1095 2109 1238 2164 'Pimothei
1263 2108 1313 2175 qui
1332 2110 1378 2163 est

256 2205 354 2255 contra
375 2201 507 2255 haereses
529 2202 734 2257 dissentientes
752 2219 769 2256 a
788 2203 913 2256 veritate
932 2202 1075 2255 Ecclesiae
1093 2201 1250 2254 catholicae
1269 2200 1376 2254 Romae

256 2291 350 2345 -uhi
370 2291 404 2344 ds
417 2307 530 2346 numero
542 2292 784 2347 Sacramentorum
798 2294 894 2360 agitur
906 2320 939 2332 —
952 2292 1021 2346 haec
1031 2293 1169 2357 leguntur
1184 2291 1313 2359 uSoptem
1326 2291 1377 2346 Sa·

256 2385 399 2436 eramenta
408 2381 565 2450 Dominiea,
579 2398 649 2451 quao
659 2384 763 2452 recipit
774 2381 1191 2450 Ecclesiehpostolieailomae,
1199 2380 1233 2434 do
1246 2396 1303 2449 qua
1314 2395 1377 2448 spe·

255 2470 370 2528 cialiter
390 2471 493 2527 dictum
507 2478 559 2528 cst:
571 2473 644 2542 qnod
657 2473 918 2542 eitfundamentum
929 2489 1021 2526 ceram
1033 2463 1058 2524 et
1069 2479 1156 2524 mater
1169 2471 1374 2524 scriniorum.»

325 2562 364 2616 4⁰.
384 2561 563 2618 concludunt
581 2565 679 2618 Patres
707 2565 788 2618 alios
808 2566 901 2616 antem
919 2561 1194 2629 incongregatione
1213 2563 1313 2616 uestra
1331 2575 1377 2615 as·

255 2653 334 2708 sensi
353 2667 446 2706 sumus
464 2654 530 2708 huic
549 2654 710 2708 sententiae
729 2655 763 2709 Ι).
777 2655 812 2707 N.
828 2653 1005 2707 Timothei.»
1401 2645 1403 2648 ’

326 2742 429 2796 Datum
448 2742 479 2796 iu
498 2743 617 2797 civitate
639 2743 727 2796 Amed
755 2759 830 2797 anuo
852 2743 1018 2798 Graecorum
1038 2739 1260 2815 resumimus
1280 2737 1378 2814 1616.)
1400 2751 1402 2755 '

255 2829 302 2886 die
322 2831 366 2886 15.
386 2833 495 2901 Martii,
516 2848 566 2901 per
585 2833 709 2904 abjectos
729 2833 915 2901 Presbyteros
933 2834 1037 2886 Baoous
1057 2836 1086 2886 et
1103 2830 1300 2886 souslahhad.

325 2922 384 2989 Ego
404 2923 470 2976 Elia
487 2939 538 2990 per
556 2925 678 3000 gratiam
697 2925 749 2978 Dei
768 2925 936 2978 Patriaroha
954 2923 1081 2979 Orientis
1101 2920 1267 2990 subscripsi.

325 3011 384 3080 Ego
404 3013 519 3067 Gabriel
538 3012 775 3082 Arelliopisoopus
794 3015 905 3068 Hesnae
924 3014 1089 3082 subscripsi.

324 3104 383 3170 Ego
401 3104 520 3158 humilis
539 3105 620 3158 Elias
637 3105 870 3174 Archiopiseopus
889 3104 970 3174 Seert
989 3103 1154 3171 subscripsi.
1250 3121 1252 3126 ·

324 3193 384 3261 Ego
401 3193 521 3248 humilis
539 3194 641 3262 Ioseph
659 3194 895 3262 Archiepiscopua
915 3194 1031 3248 insulae
1049 3186 1194 3267 (Geairae)
1211 3191 1304 3247 sahso.

324 3283 383 3350 Ego
401 3283 518 3338 humilis
538 3283 701 3336 Timotheus
720 3282 896 3352 Archiepiso.
911 3283 1069 3336 Jerusalem
1089 3285 1118 3336 et
1135 3281 1223 3337 Amad
1243 3281 1336 3337 subsc.

323 3373 383 3440 Ego
401 3373 544 3427 Abraham
563 3373 718 3441 Episcopus
737 3373 865 3426 Persidis
883 3373 1010 3427 Ditiouia
1030 3374 1120 3426 subsc.

325 3461 361 3516 ὄπ
382 3464 510 3531 Denique
534 3465 701 3515 memoratus
723 3461 839 3516 Gabriel
861 3463 1097 3531 Archiepisoopus
1116 3465 1252 3530 Decorus,
1268 3463 1300 3516 iu
1314 3477 1378 3518 car-

254 3552 339 3620 mine,
361 3553 435 3622 quod
454 3553 485 3606 in
505 3551 617 3607 laudem
634 3554 719 3608 Pauli
737 3555 772 3608 V.
793 3555 960 3623 composuit,
981 3554 1012 3607 in
1031 3554 1095 3622 ipsa
1113 3553 1221 3621 syuodo
1240 3553 1375 3624 Unionis,
1446 3583 1450 3589 ·

254 3645 284 3698 et
302 3658 359 3697 una
376 3659 438 3697 oum
455 3642 536 3697 Actis
556 3643 681 3713 ejusdem
700 3645 792 3712 misit,
813 3645 882 3698 haee
899 3646 979 3698 inter
997 3649 1092 3699 cetera
1111 3646 1232 3699 affirmat
1252 3644 1311 3698 are
1331 3660 1377 3698 so·

253 3732 307 3787 lem
327 3733 357 3785 iu
379 3732 568 3786 Firmamento
588 3733 750 3802 Ecclesiae,
773 3737 807 3786 et.
822 3733 1002 3801 splendorem
1031 3733 1152 3786 omnium
1174 3732 1378 3800 Congregatio·

253 3836 327 3889 uum,
349 3825 379 3875 et
397 3827 480 3890 caput
499 3823 622 3876 omnium
641 3824 768 3892 Patrem,
790 3824 892 3877 Petrus
910 3825 1047 3893 Princeps
1066 3823 1219 3878 radicavit:

322 3913 363 3968 ru
381 3912 464 3967 radix
484 3929 514 3966 es
533 3913 690 3968 sacerdotii
703 3945 719 3982 ,·
730 3918 760 3968 ot
778 3915 899 3982 Pastor,
921 3916 1058 3980 magister
1075 3916 1223 3968 Pastorum
1241 3915 1271 3968 et
1288 3918 1377 3984 caput

251 4002 375 4058 emnium
393 4003 636 4071 communionum
659 4009 688 4058 et
705 4005 808 4057 Petrus
827 4004 943 4072 Ephodo
963 4009 993 4060 to
1010 3991 1128 4058 induit?

324 4091 365 4146 uu
384 4107 415 4146 es
435 4093 491 4147 dua
510 4093 688 4148 Sacerdotem
706 4098 736 4148 et
751 4098 910 4162 Reparatur
928 4096 1127 4161 Ecclesiaram,
1143 4097 1173 4150 et
1185 4095 1279 4148 lamen
1291 4093 1377 4148 Utro&

252 4179 413 4248 etiaaismi,
442 4185 473 4235 et
504 4183 640 4236 Thesauri
669 4183 791 4251 Spiritus
822 4183 1015 4252 dispensator,
1045 4189 1075 4239 et
1103 4184 1290 4252 Confirmutcr
1316 4183 1379 4238 Fi-
