3056 4756
735 194 911 260 ..γ-4..

37 341 71 388 ns
88 341 250 400 aversanus
263 319 304 386 B.
324 319 421 388 Petri
445 317 507 406 (1).
532 317 695 386 Jamvero
718 318 845 387 Petrus
874 325 943 410 qna
965 318 1178 388 universalis
1201 317 1382 386 Ecclesiae

37 404 251 526 ξῖξξωίξξζᾞᾙζ
264 427 477 497 constitutus
500 427 647 510 Ductor,
674 449 695 493 a
717 425 858 517 cbristo
889 426 1034 495 Domino
1061 427 1209 495 donatus
1233 427 1304 494 fuit
1327 426 1381 494 in-

35 529 250 647 ,btffl'm‘leleg
264 533 484 602 fallibilitate
506 534 543 600 in
568 533 729 617 docendo,
755 541 791 600 et
811 533 848 599 in
865 534 967 602 rebus
983 534 1065 602 fidei
1088 531 1146 602 vel
1168 556 1298 602 morum
1322 532 1380 600 de·

36 666 107 728 ³910·
124 655 250 728 appucsn-
263 641 455 711 cernendis,

37 715 250 828 ffldi‘dffidss
328 750 416 819 Nam
445 750 477 816 1.
507 750 622 818 factus
649 748 722 816 fuit
747 748 923 817 Ecclesiae
957 749 1069 838 ipsius
1092 749 1377 831 fundamentum,

37 843 216 889 senmurum.
263 879 350 946 quae
373 856 518 926 maxime
541 857 578 923 in
600 857 687 924 Fide
706 867 743 926 et
758 856 911 926 veritate
927 857 1076 926 fundata
1090 865 1155 942 est3
1172 864 1284 924 totum
1301 879 1380 948 pro-

262 964 343 1032 inde
358 963 534 1032 Ecclesiae
550 963 745 1031 aedificium
762 983 823 1030 seu
835 968 910 1030 tota
922 963 1008 1032 fides
1023 963 1100 1052 ejus
1113 987 1217 1052 super
1232 963 1379 1031 Petrum

262 1070 371 1138 basim
395 1069 520 1136 habuit
542 1068 605 1156 (2):
623 1068 654 1136 si
675 1069 787 1158 igitur
811 1069 884 1158 ipse
905 1069 1030 1136 Petrus
1054 1070 1223 1158 potuisset
1245 1091 1378 1150 errare,

261 1183 337 1245 tota
352 1176 509 1245 Ecclesia
525 1177 666 1260 ruisset,
681 1183 718 1244 et
732 1177 769 1243 in
788 1183 992 1266 potestatem
1008 1179 1230 1245 teuebrarum
1245 1185 1284 1246 et
1295 1177 1379 1244 haa-

262 1284 349 1352 resis
371 1283 564 1367 incidisset,
586 1290 707 1352 contra
730 1282 864 1352 Christi
887 1285 1080 1353 absolutam
1097 1292 1134 1353 et
1147 1285 1380 1353 necessariam

261 1393 561 1482 pollicitationem.

327 1499 360 1568 2.
385 1498 662 1568 Fundamentum
685 1499 794 1568 relate
825 1501 868 1568 ad
900 1501 1035 1569 domum
1067 1509 1121 1568 est
1147 1501 1261 1568 instar
1285 1500 1379 1589 capi-

261 1605 310 1672 tis
332 1606 441 1674 relate
464 1605 508 1674 ad
531 1629 669 1695 corpus.
685 1606 752 1674 Est
768 1614 947 1696 praeterea
968 1607 1128 1676 Ecclesia
1153 1606 1285 1696 Corpus
1308 1629 1379 1674 mo-

262 1715 336 1782 rale
359 1713 491 1782 Christi
515 1736 673 1804 perenne,
701 1715 823 1783 vivens
848 1721 885 1783 et
908 1715 1128 1804 aspectabile,
1154 1715 1212 1782 cui
1234 1713 1379 1804 proinde

262 1823 365 1890 datus
392 1822 462 1889 fuit
485 1822 528 1889 ab
551 1822 626 1912 ipso
649 1821 770 1890 divino
792 1823 1004 1906 Fundatore,
1031 1823 1106 1891 vice
1135 1845 1211 1907 sua,
1236 1821 1376 1906 Petrus,

262 1929 375 2018 Caput
392 1929 555 2014 visibile,
582 1937 620 1996 at
642 1931 685 1998 ad
710 1935 816 2020 caput
838 1931 992 2019 pertinet
1013 1930 1125 1998 totius
1149 1929 1302 2019 corporis
1326 1929 1378 1996 di·

262 2035 389 2118 rectio,
415 2034 486 2118 ita,
512 2041 554 2102 ut
576 2035 607 2102 si
630 2043 735 2125 caput
759 2037 933 2125 vertigine
955 2036 1100 2120 laboret,
1119 2042 1155 2104 et
1178 2035 1265 2103 male
1288 2057 1379 2126 quae

262 2147 355 2210 recte
387 2142 458 2216 sint
491 2143 625 2232 agenda
659 2143 808 2232 indicet,
842 2144 1047 2213 inevitabile
1077 2166 1220 2234 prorsus
1250 2143 1382 2222 evadat

261 2249 414 2338 ejusdem
438 2250 630 2340 periculum
652 2257 689 2320 et
711 2252 896 2321 aberratio.

327 2355 360 2422 3.
386 2354 532 2439 Petrus,
566 2363 607 2424 ut
629 2354 741 2446 Caput
769 2357 968 2443 Ecclesiae,
999 2357 1150 2426 donatus
1180 2355 1252 2424 fuit
1282 2353 1380 2422 clavi

261 2461 437 2546 scientiae,
456 2468 492 2530 et
507 2467 676 2552 potestate
694 2463 738 2530 ad
757 2463 849 2531 viam
865 2465 980 2554 Regni
996 2464 1169 2534 caelorum
1185 2460 1376 2551 dirigendi,

260 2574 295 2637 et
307 2567 394 2637 illuc
409 2569 666 2658 introducendi;
682 2570 772 2661 quod
788 2572 970 2662 praecipue
986 2578 1022 2640 et
1038 2571 1138 2640 unice
1150 2570 1299 2661 primum
1316 2589 1379 2658 per

260 2676 336 2745 veri
352 2676 547 2762 seientiam,
563 2683 636 2746 tum
654 2700 715 2767 per
730 2669 884 2766 ejusdem
900 2678 1155 2749 observantiam
1169 2675 1376 2766 attingitur:

264 2807 347 2874 ergo
359 2773 484 2853 Petrus
501 2785 545 2854 ad
562 2785 653 2855 illud
669 2808 793 2854 munus
817 2785 892 2854 sine
907 2786 1036 2868 erroris
1052 2785 1208 2876 periculo
1218 2805 1379 2853 exercen-

191 2887 194 2894 ’
264 2893 357 2976 dum,
379 2883 680 2962 etauctoritatem
703 2899 738 2962 et
761 2893 987 2984 privilegium
1010 2893 1204 2964 necessario
1226 2891 1375 2980 accepit.

328 3001 363 3068 4.
389 2999 511 3084 Petro,
536 3005 578 3067 ut
599 3000 775 3070 Ecclesiae
798 2999 931 3091 Capiti,
957 3000 1108 3070 contulit
1135 2999 1296 3068 Christus
1319 3019 1379 3086 po·

262 3112 423 3175 testatem
447 3106 583 3196 ligandi
605 3113 641 3176 et
656 3107 814 3178 solvendi
841 3105 1009 3202 quidquid
1036 3107 1192 3177 absolute
1216 3106 1259 3174 ad
1283 3103 1379 3172 salu·

331 3360 375 3438 (1)
398 3364 471 3418 Sunt
489 3363 633 3431 ipsissima
657 3364 840 3417 celeberrima
868 3365 955 3418 verba
977 3379 1064 3432 supra
1084 3366 1175 3418 allata
1194 3377 1228 3414 ex
1246 3361 1379 3430 Epitome

261 3453 368 3508 canon.
380 3452 504 3506 sinodic.
518 3450 660 3519 Ebedjesu
679 3452 821 3518 Sobensis,
842 3451 875 3505 de
895 3468 948 3519 quo
967 3453 1088 3506 Auctore
1107 3453 1209 3506 iterum
1229 3466 1302 3503 mox.

331 3535 375 3612 (2)
393 3540 568 3608 superfluum
588 3555 649 3593 esse
669 3539 737 3592 duco
749 3540 899 3593 observare
913 3542 943 3594 in
957 3541 1057 3607 lingua
1067 3538 1307 3607 Syro-chaldaica,
1320 3553 1379 3608 qua

262 3649 400 3714 loquutus
419 3651 464 3699 est
481 3627 624 3713 Christus,
641 3660 740 3698 nomen
759 3647 839 3714 Kepa
859 3640 943 3716 isla
972 3647 1124 3714 utrobique
1148 3645 1221 3699 idem
1247 3661 1325 3712 essa,
1347 3647 1380 3697 et

262 3754 433 3808 adhibitum:
445 3758 505 3806 tum
518 3753 644 3807 diceudo:
658 3757 699 3806 Tu
713 3769 738 3806 ee
751 3754 832 3820 Kepo
842 3752 941 3822 (Petro
953 3771 999 3808 aaa
1009 3755 1131 3824 Petrae):
1146 3758 1204 3807 tum
1218 3751 1337 3807 diceudo
1351 3759 1380 3802 et

260 3859 341 3910 asper
353 3845 427 3894 tuac
439 3844 519 3910 Kepa
529 3841 677 3914 (Petram):
690 3844 797 3910 Kepam
808 3839 1063 3918 (scilicetPecrom)
1075 3845 1158 3898 illum
1172 3847 1239 3896 tunc
1249 3842 1378 3910 vocavit,

262 3933 336 3986 sicut
354 3933 524 4000 promiserat
542 3929 587 4005 (in
606 3929 727 4005 Joenue)
747 3932 843 3991 dicens
861 3934 925 3988 illi:
948 3938 991 3986 Tu
1009 3934 1150 3986 vocabaris
1166 3934 1257 4000 Kepa.
1278 3933 1376 3998 Porro,

261 4020 314 4074 bac
332 4020 366 4074 de
384 4037 424 4089 re,
436 4024 586 4089 postquam
605 4021 732 4076 studium
751 4021 837 4090 hujus
850 4027 964 4076 nostrae
975 4023 1090 4089 linguae
1101 4022 1233 4090 Syriacae
1247 4037 1296 4074 seu
1306 4024 1378 4076 Ara-

262 4111 366 4163 maicae
387 4109 515 4166 invaluit
532 4110 563 4163 in
582 4110 703 4178 Europa,
724 4125 780 4164 nou
802 4113 924 4178 amplius
943 4114 1087 4180 repetunt,
1111 4113 1143 4165 ni
1161 4112 1257 4180 fallor,
1278 4095 1379 4164 Prote-

263 4200 373 4251 stautes
393 4196 555 4267 hujusmodi
575 4197 825 4254 Icuoaauvmu
846 4198 997 4262 ¹ridiculum
1016 4199 1084 4252 olim
1101 4198 1241 4253 Achillem
1260 4215 1353 4254 suum.
