3036 4750
240 353 415 426 sententia
447 352 554 422 huius
584 351 768 443 scriptoris
801 357 969 444 perpetuo
1002 353 1145 422 Romam
1179 352 1359 444 possidere

239 463 456 548 Primatum,
482 466 518 530 et
550 482 624 530 esse
649 459 843 530 Ecclesiam
874 459 1115 551 principalem.
1152 460 1233 552 Ipso
1265 460 1359 530 enim

241 569 432 661 magistro,
457 569 584 638 Petrus
615 568 743 638 Romae
773 567 892 637 infixit
919 567 1036 638 oculos
1060 568 1162 638 Fidei
1184 569 1358 639 Christia-

240 695 305 749 nae
329 678 442 749 veluti
457 677 495 745 in
511 675 693 745 OAPITE.
707 675 785 776 Est
807 676 921 766 igitur
947 677 1058 746 Roma
1080 676 1233 746 CAPUT
1255 675 1359 745 Chri·

240 785 416 858 stianiemi
438 808 499 855 seu
522 784 699 854 Ecclesiae
722 783 868 870 Christi,
893 807 962 854 non
979 785 1117 877 quidem
1132 785 1290 876 precario
1301 785 1361 855 vel

240 895 285 963 ed
300 900 447 985 tempus,
467 915 566 963 secus
588 891 727 962 OCULI
748 891 862 978 Fidei,
878 916 963 984 qnos
982 894 1171 985 plantavit,
1189 917 1258 964 non
1281 895 1360 964 sine

240 1001 376 1071 Christi
398 1000 633 1091 dispositione,
651 1000 791 1086 Petrus,
809 999 872 1068 illo
888 1000 925 1068 in
943 1001 1069 1092 capite,
1089 1000 1264 1074 cessarant
1282 1024 1359 1071 esse

240 1110 381 1180 ibidem.
396 1109 581 1178 Praeterea
596 1130 721 1199 corpus
735 1108 912 1179 Ecclesiae
935 1115 997 1178 aut
1016 1114 1177 1196 restaret,
1196 1109 1359 1202 aliquan«

242 1219 297 1304 do,
323 1218 398 1287 sine
421 1217 558 1286 visibili
581 1217 706 1306 capite,
731 1222 795 1286 ant
825 1215 923 1285 alind
946 1217 1092 1286 haberet
1116 1223 1234 1309 caput,
1259 1239 1360 1308 prae·

242 1331 296 1394 ter
319 1323 410 1394 illud
433 1348 454 1394 a
476 1325 581 1394 Petro
604 1325 821 1415 recognitum
843 1331 880 1395 et
896 1325 1147 1412 confirmatum,
1167 1326 1258 1419 quod
1279 1349 1359 1418 pro·
1420 1385 1424 1398 .

241 1433 322 1502 inde
345 1433 456 1503 oculis
479 1439 624 1521 careret3
651 1433 709 1503 vel
733 1434 827 1504 oculi
849 1433 919 1524 ipsi
942 1434 1187 1506 invenirentur
1213 1435 1360 1504 in'aliis

241 1536 402 1610 membris
429 1562 532 1632 quam
557 1540 595 1608 in
619 1541 750 1630 capite;
777 1548 815 1610 at
837 1547 1023 1634 utrumqne
1046 1543 1247 1612 absurdum.
1274 1542 1360 1612 Stat

240 1651 332 1718 enim
344 1649 597 1733 inconcussum,
611 1689 655 1699 -
665 1650 808 1717 Petrum
820 1649 936 1718 oculos
947 1649 1049 1719 Fidei
1059 1651 1188 1720 Romae
1203 1650 1360 1740 plantas·

202 1744 206 1749 ’
241 1780 289 1843 se,
319 1780 382 1827 cen
408 1757 445 1826 in
474 1756 607 1846 capita,
629 1755 794 1849 illamque
823 1757 965 1846 proinde
988 1763 1030 1827 nt
1053 1763 1158 1848 capnt
1179 1757 1359 1827 Ecclesiae

242 1887 457 1936 consecrasse
480 1870 516 1933 et
531 1863 774 1955 proclamasse,
788 1864 936 1958 —qnod
958 1871 1077 1956 aperte
1100 1866 1208 1936 verba
1229 1866 1359 1936 Narse-

241 1974 290 2043 tis
306 1972 494 2059 declarare,
514 1971 983 2064 nullaque'commentatione
1006 1973 1166 2063 indigere
1182 1973 1360 2063 ingennus

242 2083 386 2176 quisque
410 2081 508 2154 videt
529 2081 592 2168 (1).

313 2351 355 2428 (1)
373 2353 552 2423 Quapropter
567 2353 633 2422 jure
651 2352 809 2421 meritoque
827 2357 872 2408 tot
889 2353 1038 2422 tantisque
1051 2353 1200 2422 perculsus
1213 2353 1300 2422 hujus
1313 2369 1359 2408 ce-

242 2446 374 2500 rissimae
393 2445 497 2498 Romae
516 2442 660 2510 lendibus,
681 2444 838 2512 ornatibus,
851 2447 937 2512 atque
955 2445 1131 2512 privilegiis,
1147 2448 1177 2498 et
1188 2444 1242 2498 lide
1254 2445 1359 2498 firmis-

241 2538 313 2590 sima
325 2537 357 2589 in
370 2537 404 2589 D.
415 2535 451 2588 N.
459 2534 487 2588 J.
497 2533 527 2588 (1.
543 2533 650 2601 verbis,
664 2549 695 2586 ac
709 2533 820 2588 decreto
830 2535 862 2588 in
875 2537 1022 2589 aeternum
1038 2535 1237 2603 perduratum,
1250 2521 1357 2604 certus,

240 2641 407 2694 persuasum
428 2623 517 2677 habui
539 2625 626 2690 atque
646 2621 769 2690 prodidi:
794 2625 874 2678 nullo
887 2639 945 2678 non
958 2626 1094 2692 tempore,
1114 2623 1268 2692 aliquando
1288 2623 1361 2678 licet

240 2717 435 2784 perluctuoso,
456 2713 664 2766 nobilissimam
684 2714 713 2764 et
725 2714 827 2768 almam
845 2713 932 2767 istam
955 2713 1127 2782 divitatem,
1147 2714 1360 2768 nonobstante

241 2820 334 2859 rerum
344 2802 380 2857 ad
389 2807 500 2870 tempus
513 2805 542 2855 et
551 2802 621 2870 Ejus
632 2802 715 2867 longe
729 2801 863 2856 minorem
876 2805 985 2870 partem
998 2802 1153 2872 inficiente,
1165 2803 1360 2872 perturbatio·

240 2910 276 2947 ne
288 2889 338 2968 (α),
353 2889 637 2960 praeterquamquod,
652 2891 687 2944 ob
700 2891 732 2944 B.
744 2891 826 2945 Betri
844 2890 1014 2946 Oethedram
1027 2895 1057 2946 et
1070 2892 1158 2946 totius
1172 2893 1360 2962 Reipublicae

241 2983 423 3052 christianae
432 2981 593 3047 Regiminis
603 2978 731 3035 divinum
741 2981 946 3049 Principatum,
956 2983 1023 3049 Ipse
1036 2997 1092 3036 non
1103 2981 1217 3036 desinet
1225 2998 1360 3050 umquam

241 3087 302 3127 esse
320 3075 351 3125 et
368 3071 484 3138 agnosci
501 3070 643 3125 Veritatis
662 3074 692 3124 et
713 3071 883 3126 Honestetis
902 3071 971 3126 Orbi
990 3072 1141 3142 Universo,
1162 3087 1213 3141 per
1229 3073 1359 3129 Summos

130 3202 133 3208 .
239 3161 391 3216 Pontifices
410 3177 474 3214 suos
496 3159 669 3228 Antistites,
689 3160 842 3229 Magistra,
862 3161 1059 3230 praeterhac,
1081 3162 1207 3230 inquam,
1228 3163 1357 3232 Romam,

240 3253 327 3307 etiam
346 3267 400 3320 qua
418 3251 529 3306 Oivitas
549 3253 602 3318 est,
618 3249 731 3319 publice
750 3254 779 3304 et
798 3266 853 3319 quo
872 3250 909 3304 ad
922 3253 1092 3306 exteriorem
1105 3253 1231 3321 formam,
1244 3253 1358 3307 nodum

243 3345 273 3395 et
290 3343 458 3409 exemplum,
471 3354 623 3408 numquam
635 3338 762 3393 futuram
774 3343 807 3394 ut
821 3339 869 3393 diu
883 3341 915 3394 in
928 3341 1176 3410 praevaricatione
1190 3346 1219 3396 et
1230 3343 1262 3396 in
1271 3345 1359 3400 malis

242 3432 366 3486 moribus
385 3434 518 3485 cernatur
536 3431 583 3484 vei
602 3429 784 3485 existimetur
802 3431 924 3486 versari.
945 3431 980 3486 Id
999 3431 1101 3486 suadet
1120 3433 1203 3488 Pauli
1229 3434 1360 3489 testimo-

241 3522 320 3575 nium
339 3521 373 3573 de
391 3520 527 3574 Romanis
541 3519 577 3572 ad
589 3519 668 3587 ipsos
687 3521 850 3590 scribentis,
864 3519 938 3590 quod
951 3523 997 3574 est
1009 3522 1160 3576 oraculum
1179 3523 1280 3590 ntique
1293 3539 1359 3592 per·

242 3613 326 3677 petuo
345 3610 403 3666 vim
422 3613 452 3663 et
471 3609 622 3665 veritatem
641 3624 709 3677 prae
728 3625 759 3664 se
777 3610 873 3665 ferens
892 3606 942 3684 (ὅ).
965 3609 1005 3665 Id
1018 3611 1180 3681 comprobet
1199 3615 1244 3666 tot
1261 3627 1358 3668 saecu-

671 3729 923 3744 *aunan-—

309 3793 353 3872 (⁰)
370 3797 484 3851 Etenim
503 3812 577 3851 anno
600 3796 679 3850 1849.
699 3797 803 3851 Romae
823 3795 946 3866 aderam,
963 3796 1070 3853 studiis
1082 3797 1149 3852 inde
1164 3791 1200 3852 ab
1213 3814 1261 3853 an.
1274 3797 1357 3853 1845.

240 3888 272 3940 in
290 3887 373 3941 Pont.
396 3886 470 3942 Ooll.
490 3888 558 3942 Urb.
580 3886 613 3941 de
632 3888 715 3955 Prop.
736 3886 807 3940 llide
834 3899 958 3957 vacans,
979 3892 1010 3942 et
1026 3888 1143 3944 nonnisi
1162 3904 1207 3942 sn.
1224 3887 1303 3942 1853.
1324 3889 1359 3942 in

241 3976 411 4032 Ohaldaeam
430 3977 466 4031 ad
485 3977 603 4032 Gentem
622 3993 712 4033 meam
730 3975 836 4031 redivi.

310 4063 353 4142 (ὂ)
371 4066 415 4122 Ad
438 4068 519 4121 Rom.
542 4083 566 4122 c.
579 4067 605 4120 1.
625 4083 654 4122 v.
665 4069 693 4121 8.
714 4065 824 4122 «Fides
838 4070 937 4122 vestra
956 4068 1148 4123 annunciatur
1165 4068 1197 4121 in
1215 4067 1359 4124 Universo

242 4157 353 4226 mando,
374 4172 403 4212 v.
417 4157 444 4210 9.
464 4157 559 4211 {iestis
578 4157 653 4210 enim
672 4156 745 4212 mibi
763 4157 809 4212 est
826 4156 901 4214 Deus
968 4157 1042 4226 qnod
1061 4159 1124 4214 sine
1142 4157 1360 4215 intermissione

242 4245 404 4302 Mauortem
421 4246 506 4300 vestri
522 4245 596 4304 fauo
615 4249 668 4302 etc.
681 4266 696 4297 a
