3056 4756
424 121 429 136 ’
563 169 765 244 ..123-

107 297 182 368 Sub
205 293 387 365 Timotheo
409 295 517 385 hujus
540 297 691 364 nominis
715 295 882 380 seeundo,
909 295 1010 386 eujus
1032 294 1107 385 ipse
1130 294 1230 363 Ordi-

107 403 255 487 nationi,
278 409 313 472 et
336 403 477 492 Synodo
494 405 543 472 ab
566 404 683 472 eodem
706 403 860 486 habitae,
879 403 1103 487 interfuerat,
1130 403 1228 487 obiit,

108 535 224 580 mense
245 511 458 596 Novembri,
484 511 699 580 ann01318.
725 513 776 578 De
799 511 875 601 ipso
904 511 1012 600 judex
1037 518 1231 600 competens

107 619 143 688 J.
164 619 201 687 S.
221 619 449 688 Assemanius
474 620 529 706 (B.
545 620 584 687 Ο.
599 625 627 687 t.
643 621 675 688 3.
692 621 731 687 P.
748 620 779 686 1.
795 645 829 709 p.
846 620 940 706 325.)
957 621 1008 688 sic
1033 619 1084 687 ait
1110 647 1126 682 ιι
1145 616 1231 686 Eam

107 727 319 796 eruditionis
343 730 470 795 famam
494 733 570 795 tum
601 729 694 817 apud
718 727 886 796 sectarios
909 751 1013 811 suos,
1039 733 1114 796 tum
1139 727 1231 816 apud

107 835 264 926 reliquos
276 835 387 924 Syros
404 835 558 902 obtinuit
570 835 763 923 Ebedjesus
777 836 951 919 Sobensis,
967 842 1008 903 ut
1025 857 1123 903 nemo
1139 835 1232 903 alius

109 966 265 1011 sermone
278 943 418 1032 syriaco
430 950 503 1011 tam
516 944 642 1027 soluta,
655 967 758 1035 quam
771 944 891 1012 vincta
906 943 1060 1011 numeris
1076 944 1232 1011 oratione

108 1051 309 1140 elegantius
333 1052 515 1141 scripsisse
538 1052 771 1120 existimetur.
797 1051 846 1120 Et
869 1051 1007 1144 quidem
1022 1051 1230 1119 Ductoribus
1363 1063 1368 1068 ’

109 1159 216 1248 Syris
237 1159 456 1246 Ephraemo,
482 1159 622 1243 Isaaco,
649 1166 684 1228 et
699 1158 828 1227 Jacobo
853 1159 1103 1249 comparandus
1127 1163 1229 1244 esset,

108 1267 181 1335 nisi
204 1265 343 1334 dicendi
366 1266 512 1355 copiam,
534 1267 626 1356 styli
649 1267 809 1352 nitorem,
829 1289 962 1336 sacram
986 1267 1132 1358 denique
1155 1289 1232 1335 eru·

108 1374 291 1458 ditionem,
302 1373 335 1442 N
337 1374 590 1442 estorianorum
608 1375 878 1444 contaminasset
892 1375 1080 1442 erroribus.
1094 1374 1231 1442 Praeci-

109 1505 180 1572 pua
196 1481 274 1569 ejus
290 1504 392 1570 opera
415 1503 502 1572 quae
517 1490 716 1571 supersunt,
732 1487 826 1550 suut:
844 1482 875 1550 1.
887 1483 1047 1571 Epitome
1065 1505 1232 1550 canonum
1336 1507 1344 1524 .

110 1588 360 1677 synodicorum
390 1609 411 1654 a
439 1587 540 1656 nobis
574 1611 674 1678 saepe
705 1590 742 1655 in
773 1589 837 1657 hoc
868 1589 1033 1678 opusculo
1064 1588 1231 1672 laudata,

110 1719 201 1788 quae
226 1697 269 1762 ab
292 1697 458 1764 universa
485 1696 771 1765 Nestorianorum
799 1697 1041 1765 Communioue
1068 1720 1131 1766 eeu
1154 1696 1233 1764 Cor-

109 1829 180 1906 pus¹
186 1805 488 1894 jurisprudentiae
505 1805 740 1888 Christianae,
756 1809 792 1872 et
807 1807 876 1872 fori
892 1805 1134 1891 ecclesiastici,
1154 1829 1235 1874 sem·

111 1911 323 2001 perhabita,
343 1916 379 1978 et
395 1911 514 1980 statim
531 1933 571 1978 ao
587 1910 765 2000 prodierat
780 1933 801 1976 a
817 1912 997 1979 Timotheo
1014 1911 1032 1977 l
1034 1911 1063 1978 Ι.
1080 1911 1234 1978 Patriar·

112 2018 190 2100 cha,
215 2016 252 2082 in
274 2017 408 2104 synodo
428 2039 536 2106 supra
565 2021 752 2085 memorata
779 2038 855 2084 can.
880 2017 911 2084 I.
937 2017 1128 2107 approbata
1151 2017 1234 2101 suit,

112 2133 154 2194 ut
180 2125 218 2192 iu
245 2125 398 2212 ejusdem
425 2125 604 2215 Epitomes
631 2126 712 2193 Par.
730 2125 775 2193 V.
801 2125 845 2192 ad
874 2124 1001 2194 calcem
1028 2125 1144 2214 legere
1167 2133 1233 2193 est.

112 2233 224 2300 Plura
239 2232 346 2320 hujus
363 2233 477 2322 operis
493 2233 704 2322 exemplaria
719 2233 957 2322 manuscripta
969 2233 1117 2322 optimae
1133 2240 1236 2301 uotae

113 2347 256 2409 exstant
279 2347 353 2408 tum
378 2342 415 2408 iu
437 2341 668 2409 Bibliotheeis
683 2341 857 2430 Europae,
872 2348 946 2408 tum
963 2341 999 2408 in
1016 2340 1238 2409 Bibliotheca

113 2448 355 2516 Patriarohali
371 2455 502 2533 nostra,
512 2455 588 2516 tum
604 2449 698 2538 apud
712 2449 942 2518 Nestorianos
957 2449 1074 2534 etiam,
1086 2457 1121 2517 et
1137 2450 1236 2516 alibi.

115 2555 285 2625 Volumen
302 2554 367 2622 hoc
393 2555 580 2644 praecedit,
600 2560 642 2622 ut
655 2555 857 2646 plurimum,
875 2555 1042 2624 Collectio
1061 2555 1237 2624 Constitu·
1259 2571 1270 2580 “

114 2662 250 2730 tionum
275 2668 311 2729 et
333 2661 508 2730 canonum
523 2661 782 2751 Apostolorum,
800 2685 862 2751 per
886 2661 1092 2730 Clementem
1115 2663 1236 2730 Roma·

115 2793 212 2853 uum,
232 2775 273 2836 ut
287 2775 341 2836 est
359 2769 539 2858 persuasio
562 2768 806 2852 Orientalium,
826 2770 932 2837 iacta.
948 2769 1000 2838 cl.
1016 2791 1061 2836 m.
1076 2769 1238 2837 Eminen-

115 2875 277 2944 tissimus
301 2875 403 2943 Card.
428 2875 545 2964 Majus
571 2873 901 2965 publicavitillud,
928 2899 1006 2944 oum
1029 2876 1239 2966 interpreta-

115 2985 210 3052 tione
222 2984 346 3069 latiua,
361 2985 396 3052 in
410 2991 439 3053 t.
451 2986 496 3052 X.
513 2985 643 3074 Soript.
658 2985 755 3054 Vett.
769 2985 803 3055 N
805 3007 871 3054 ova
883 2985 1025 3054 Colleot.
1047 2985 1236 3054 Dolendum

115 3091 266 3160 codicem
283 3091 396 3175 illum,
415 3114 481 3182 quo
498 3114 583 3160 usus
600 3093 728 3176 luerat,
746 3091 905 3177 Amidae,
923 3091 947 3160 J
949 3092 1097 3182 osephus
1105 3092 1154 3160 II.
1174 3094 1238 3160 Pa·

5 3241 7 3292 ,
115 3197 286 3281 triarcha,
304 3196 417 3280 iusuo
435 3199 573 3286 Speculo
592 3199 704 3280 Tereo,
722 3201 845 3266 eontra
865 3199 1091 3268 Nestorianos
1106 3197 1238 3266 Prima·

5 3309 9 3346 ἓ
116 3312 194 3374 tum
205 3306 304 3372 Rom.
317 3305 419 3371 Pont.
433 3305 514 3372 inde
531 3327 695 3393 arguens,
710 3305 960 3395 interpolatum
979 3305 1239 3396 aliquantulum
1356 3369 1358 3377 .

5 3403 7 3468 ἶ
118 3414 242 3480 fuisse.
259 3413 292 3480 2.
308 3411 397 3480 liber
420 3411 617 3479 Carminum
641 3413 835 3504 inscriptus
861 3413 1084 3482 «Paradisus
1105 3411 1237 3481 Edem„

118 3521 151 3587 3.
178 3521 269 3588 liber
292 3521 485 3610 inscriptus
505 3519 746 3610 «Margarita.
769 3549 784 3583 n
802 3522 836 3588 4.
857 3521 1038 3610 catalogus
1054 3521 1240 3590 Librorum

5 3635 7 3652 '
119 3652 296 3717 syrorum.
323 3631 355 3696 ὅ.
377 3631 572 3718 Turgamae
599 3633 635 3696 et
660 3629 833 3697 Hutamae
852 3651 913 3697 seu
930 3629 1240 3718 Interpretatioues
1343 3681 1348 3692 .

120 3745 154 3806 et
165 3737 413 3822 Conclusiones
425 3760 487 3826 pro
504 3737 541 3805 S.
556 3736 683 3804 Missae
700 3737 991 3806 solemnitatibus.
1010 3739 1153 3806 Demum
1166 3738 1239 3806 aui·

5 3869 7 3924 g
120 3845 1243 3934 madverteudumperperamEuchellensem,Renaudotium,Nai-

5 4101 6 4110 ’
122 4124 203 4162 sanos
217 4124 290 4161 esec.
303 4108 343 4159 11.
357 4107 489 4174 scriptor,
510 4109 540 4159 et
559 4107 611 4159 elii
624 4107 795 4174 Osrhoenos,
811 4122 861 4160 ssu
874 4105 997 4172 Regioni
1008 4105 1169 4160 Edessense
1179 4121 1241 4159 oon·

123 4199 276 4251 terminum
295 4197 414 4250 faciunt.
