3046 4756
563 171 762 240 -171-

101 294 236 364 Ibidem
252 296 369 382 etiam,
388 295 453 366 illa
469 303 598 385 aetate,
614 321 731 368 sacras
748 298 952 392 Scripturas
967 302 1221 393 interpretaba-

102 406 163 472 tur
186 403 382 490 Macarius,
410 405 653 500 auditoresque
668 407 850 499 {plurimos
879 412 1103 496 numerabat,
1130 412 1222 480 iuter

108 592 295 603 —a-——n

102 737 203 776 caussa
221 723 280 778 init
297 725 521 780 introductionis
534 728 749 783 nestorianismi
762 745 848 796 panes
862 730 1027 785 chaldaeos.
1046 731 1225 800 Quapropter

104 817 138 868 ob
157 816 319 881 analogiam
338 821 368 869 et
385 817 428 872 rei
444 818 617 883 gravitatem
636 823 766 888 praestat
784 821 846 874 heic
862 821 1074 890 appendiculam
1092 821 1229 890 subjicere

104 908 177 960 circa
195 908 272 960 hunc
291 908 446 962 infaustum
465 909 551 962 nimis
568 909 672 964 Atesis
690 911 800 966 nostris
819 916 962 965 eventum.

499 1239 833 1298 APPENMGUM

193 1393 235 1434 DE
254 1393 498 1438 unsronrsulsnss
517 1395 650 1440 calanen
668 1399 708 1439 E'P
728 1397 908 1442 PROGRESSU
927 1397 960 1438 IN
979 1395 1127 1451 OEIEN'PE,

455 1487 486 1527 H.
509 1489 539 1528 E.
560 1487 658 1532 Panas
676 1488 873 1531 OHALDAEOS.

629 1635 653 1700 §-
674 1631 698 1682 1.

399 1755 518 1807 Cauarae
537 1763 562 1806 et
579 1755 676 1808 modus
693 1757 780 1822 hujus
798 1755 931 1823 eripieris.

174 1905 356 1974 Conpertum
368 1905 466 1972 itaque
479 1909 524 1958 est
536 1905 567 1958 in
582 1907 651 1958 urbs
670 1905 815 1958 Edessena
827 1905 955 1960 scholam
975 1904 1064 1957 inisse
1083 1905 1119 1958 ab
1130 1906 1224 1958 imme-

103 1997 238 2049 morabili
258 1995 401 2049 conditam
414 1995 543 2050 Persicae
563 1995 658 2062 (tenti,
679 1997 710 2049 in
724 2012 779 2063 qna
798 1996 940 2063 nimirum,
953 1995 1002 2062 qui
1016 1995 1067 2048 sub
1075 1996 1225 2048 Persarum

104 2090 188 2140 erant
199 2086 320 2151 ditione,
335 2085 495 2138 christiani
512 2087 632 2154 juvenes
646 2085 746 2139 Sacrae
759 2086 927 2152 pracsertim
940 2085 1053 2138 Literas
1072 2084 1222 2138 edoceban-

104 2179 161 2227 tur.
194 2177 349 2228 Praeterea
371 2175 533 2228 Orientales
557 2175 690 2243 Episcopi
710 2178 830 2230 Joaunis
857 2174 1029 2228 Antiocheni
1057 2174 1223 2240 factionem,

102 2266 242 2320 adversus
268 2264 296 2317 S.
322 2264 463 2330 cyrillum
481 2265 648 2333 Sacramqre
669 2265 1008 2334 EphesinamSynodnm,
1031 2265 1155 2332 sequuti,
1171 2264 1225 2317 Ne-

104 2357 194 2410 storio
214 2355 356 2421 faverant,
379 2357 493 2424 ejusque
519 2354 685 2424 doctrinam,
701 2357 775 2410 circa
800 2357 887 2412 Verbi
912 2358 1140 2412 Iuoarnstionem
1166 2353 1223 2419 (iy-

103 2446 226 2500 rilliana
241 2444 399 2512 repudiata,
426 2445 552 2512 impense
571 2447 844 2500 commendaverant.
863 2449 950 2500 Porro
969 2464 1003 2500 ex
1023 2447 1100 2500 hisce
1120 2445 1226 2498 duobus

2 2547 8 2587 r
103 2536 196 2590 ueluti
215 2535 342 2587 fontibus
361 2537 452 2586 ortum
472 2550 550 2587 suum
569 2534 652 2586 duxit
670 2536 743 2602 apud
758 2535 914 2590 Chaldaeos
933 2538 1120 2590 Nestorianus
1134 2551 1225 2590 error.

104 2627 160 2690 oui
175 2625 252 2678 eninr
272 2626 304 2676 in
317 2624 460 2677 Edessena
473 2626 618 2678 Persarum
634 2626 737 2679 Schola
749 2627 845 2679 literis
857 2628 1006 2694 vacabant,
1023 2642 1106 2694 quum
1125 2627 1227 2678 Nesto-

105 2718 144 2770 rii
155 2719 256 2784 partes
270 2717 465 2782 sequerentur,
481 2715 595 2782 ejusque
610 2732 642 2768 ao
654 2716 771 2770 Diodori
790 2716 984 2784 Theodoriqne
1004 2718 1095 2770 libros
1115 2717 1225 2783 syriaca

104 2821 205 2859 versos
225 2820 275 2871 per
292 2802 449 2872 Assyriam,
460 2805 649 2870 Babyloniam
671 2823 703 2860 ac
720 2807 865 2860 Persidem
891 2808 1130 2874 disseminarent,
1153 2823 1225 2873 gen-

106 2897 175 2948 tiles
192 2911 257 2948 suos
272 2895 366 2948 eadem
379 2897 493 2949 haeresi
509 2897 680 2951 imbuerunt.
693 2898 748 2960 Qui
761 2897 920 2951 Edessenae
935 2899 1052 2953 Scholae
1065 2899 1180 2954 Alnmni
1194 2913 1226 2950 eo

104 2987 210 3056 majori
229 2990 311 3039 aestu
337 2987 416 3039 virus
436 2989 658 3041 Nestoriauismi
678 2989 756 3041 inter
776 2987 933 3042 Chaldaeos
954 2989 1129 3054 effuderunt,
1151 2988 1224 3054 quod

104 3075 216 3129 Edessa
236 3076 351 3130 eandem
370 3079 403 3130 ob
422 3094 548 3132 caussam
568 3081 627 3149 jarn
647 3081 768 3147 expulsi,
793 3081 828 3132 ad
855 3096 918 3132 snos
938 3078 1114 3133 fremebundi
1134 3077 1225 3130 redie-

2 3157 7 3185 ⁷
105 3169 185 3232 runt,
203 3168 323 3233 speciem
334 3169 475 3221 Veritatis
498 3185 597 3223 caussa
610 3171 856 3237 persequutionem
876 3171 1047 3238 patientium
1061 3184 1129 3235 prae
1143 3184 1172 3221 se
1186 3167 1225 3219 ia-

106 3261 215 3322 rentes,
236 3257 285 3309 ubi
305 3257 390 3310 etiam
408 3259 535 3325 plerique
555 3276 589 3312 ex
608 3260 681 3326 ipsis
695 3260 827 3327 Episcopi
841 3260 1001 3312 rennnciati
1023 3259 1154 3312 inerunt:
1176 3257 1227 3307 «ii

107 3367 120 3394 n
142 3347 229 3413 enim,
248 3347 350 3400 scribit
368 3346 633 3402 Beth·Arsamensis
652 3343 795 3421 (Scriptor
814 3349 1073 3403 Persa-(thaldaeus
1087 3346 1226 3412 Synchro-

108 3457 120 3484 η
142 3431 220 3510 nus),
234 3437 283 3503 qui
295 3435 402 3489 Edessa
412 3438 486 3504 pulsi
497 3438 574 3490 icere
584 3440 615 3491 in
626 3439 770 3504 regionem
783 3441 931 3493 Persarum
944 3455 974 3492 se
987 3441 1163 3505 receperunt,
1178 3438 1227 3490 nbi

108 3549 120 3576 s
143 3531 172 3580 et
187 3528 386 3595 Episcopatum
406 3529 562 3582 obtinuere:
584 3530 717 3582 nimirum
722 3567 776 3583 .....
787 3530 915 3582 nefarius
931 3529 1082 3582 Barsnmas
1102 3528 1224 3594 Nisibis,

109 3639 121 3665 n
143 3619 259 3670 Maenas
273 3616 449 3684 Hardasoiri,
465 3619 483 3670 J
484 3634 589 3670 oannes
603 3621 632 3670 et
638 3619 761 3672 Micheas
773 3619 803 3670 in
814 3619 929 3684 regione
941 3619 1145 3683 Garmacornm,
1158 3620 1227 3670 Pau-

109 3728 121 3755 »
143 3709 190 3760 lus
210 3706 334 3760 Ledanis
344 3709 520 3776 Huzitarum,
534 3709 642 3762 Phuscs
657 3709 772 3762 Sustras
785 3710 961 3776 Huzitarnm,
974 3713 1004 3763 et
1016 3707 1158 3762 Abraham
1172 3710 1227 3761 Ee-

109 3817 122 3843 »
145 3795 296 3849 dorum...»
310 3791 353 3870 (α)
372 3797 447 3860 Quos
460 3802 591 3864 ceterum,
604 3798 769 3866 praeiverat
781 3800 847 3852 Ibas
862 3815 945 3866 quum
965 3799 1054 3852 adhuc
1073 3799 1229 3864 Presbyter

178 4037 222 4115 (α)
239 4042 274 4094 In
293 4041 387 4108 Epist.
409 4042 442 4094 de
461 4043 597 4096 Barsunra
616 4047 646 4096 et
663 4044 845 4097 Nestorianis
865 4043 940 4111 apud
965 4045 992 4098 J.
1015 4044 1044 4098 S.
1063 4043 1171 4096 Assem.
1194 4044 1226 4096 Β.

107 4131 140 4184 O.
162 4135 184 4182 t.
205 4133 229 4186 Ι.
246 4148 262 4184 a
280 4149 308 4198 p.
323 4132 386 4185 ³46.
399 4163 432 4172 -
447 4133 591 4187 Oonsonat
609 4134 770 4188 Theodorus
785 4136 887 4188 Lector
905 4134 969 4188 Lib.
985 4136 1011 4187 2.
1026 4135 1095 4188 hist.
1118 4135 1225 4187 Euclea.

108 4221 261 4275 -Auctor
283 4223 374 4276 catal.
395 4225 554 4278 Patriarch.
576 4225 677 4279 chalo.
698 4225 776 4297 (cod.
799 4225 862 4291 Syr.
876 4226 943 4280 Vat.
965 4243 993 4278 n.
1017 4220 1085 4299 11.).
