3056 4756
593 261 793 330 -119-

128 386 242 456 dralis
264 385 522 456 Maussulanae.
537 388 819 478 DeParoptrosi
842 412 903 458 seu
929 388 1189 458 Commentariis
1212 389 1249 458 in

128 509 311 586 nitrumque
330 493 455 582 foedos
474 497 655 564 Benattibi
678 498 834 589 loquitur
853 498 1141 589 Abulpharagins
1164 499 1249 567 Bar-

129 603 301 670 hebraeus
324 603 362 669 in
387 603 512 670 Otroo.
532 605 608 694 Syr.
630 604 679 672 Et
707 605 747 673 de
775 605 930 694 ejusdem
963 635 979 669 a
1000 605 1250 674 Commentario

129 711 167 777 in
193 715 345 800 quatuor
356 710 579 800 Evangelia„
599 713 741 780 disserit
753 713 1036 782 Abulbaracatus
1047 713 1249 801 Aegyptius

130 818 170 883 in
187 819 328 906 synopsi
342 819 567 916 Scriptorum²
581 821 759 888 Abraham
775 821 876 889 etiam
890 821 1128 889 Eechelleusis
1140 820 1249 887 Abul-

129 924 296 1013 pharagii
319 925 498 993 Benattibi
526 929 756 1016 paraphrases
785 953 944 1018 mappam
970 934 1006 996 et
1033 931 1181 996 Parvum
1212 929 1249 994 in

129 1032 340 1120 Evangelia,
359 1038 395 1100 et
410 1033 552 1102 Codices
568 1037 703 1103 easdem
719 1037 936 1106 continentes
958 1037 1082 1106 laudat
1096 1039 1132 1106 in
1150 1057 1250 1127 opere

134 1167 150 1202 a
168 1140 220 1207 De
237 1141 334 1228 Orig.
352 1141 457 1208 Nom.¹
470 1142 583 1231 Papae
602 1169 618 1204 n
644 1143 707 1229 (l).

200 1247 394 1336 Gregorius
428 1249 719 1340 Abulpharagius
751 1258 975 1340 cognomento
1010 1253 1252 1321 Barhebraeus
1268 1247 1480 1366 Gressgjssglgffif

132 1353 491 1442 Syro-Jacobitarum
516 1357 652 1426 Primae
676 1381 736 1426 seu
760 1359 914 1426 Orientis
932 1359 1185 1449 Mapharjanus
1202 1359 1252 1447 (2)
1266 1373 1413 1431 charnaim·

133 1462 294 1550 Scriptor
309 1469 363 1530 est
378 1463 509 1530 saeculi
526 1465 647 1532 decimi
670 1465 769 1532 tertii
786 1467 1041 1535 celeberrimus.
1056 1467 1145 1555 Ejus
1161 1468 1254 1534 fama

132 1571 170 1638 in
192 1571 336 1659 Europa
376 1571 500 1660 majori
534 1573 772 1641 notificatione
795 1597 862 1640 non
888 1575 1046 1663 indiget:
1074 1576 1255 1642 innumera

134 1679 283 1766 Syriaco
305 1686 340 1746 et
364 1681 501 1748 arabice
525 1681 566 1748 de
589 1681 772 1770 omnigena
795 1683 991 1750 eruditione
1007 1683 1118 1751 edidit
1134 1683 1252 1750 libros.

132 1805 229 1895 Opus
252 1805 328 1894 ejus
352 1827 373 1872 a
396 1829 447 1873 me
470 1806 663 1890 laudatum,
690 1809 779 1898 quod
803 1809 1008 1877 inscribitur
1039 1805 1147 1881 l-iiw
1192 1810 1254 1874 Di-

131 1933 320 2012 rectiones,
356 1953 430 1999 eam
467 1932 775 2002 considerationem
812 1942 848 2002 ct
883 1933 1128 2002 auctoritatem
1152 1957 1256 2022 penes

133 2037 431 2126 Syro-Jacobitas
454 2040 607 2122 obtinet,
634 2063 736 2130 quam
760 2041 922 2130 Epitoma
945 2039 1120 2108 Canonum
1143 2041 1255 2109 Ebod-

129 2147 211 2235 jesn
247 2145 409 2214 Sobensis
445 2169 548 2236 penes
582 2146 935 2235 Syro—Nestoriauos.
976 2148 1106 2217 Exstat
1139 2155 1255 2216 autem

132 2253 192 2322 hio
215 2253 304 2321 liber
328 2253 365 2320 in
389 2253 650 2343 exemplaribus
675 2255 923 2344 manuscriptis
947 2257 985 2324 in
1009 2257 1170 2345 pluribus
1196 2255 1255 2323 Bi-

133 2359 320 2428 bliothecis
337 2361 511 2450 Europae,
532 2367 567 2428 et
590 2362 627 2428 in
652 2363 803 2430 diversis
820 2363 975 2432 Orientis
991 2363 1089 2432 locis.
1109 2364 1256 2432 Interim

132 2491 203 2537 non
227 2467 297 2536 erit
319 2469 381 2535 abs
405 2490 443 2534 re
467 2467 535 2535 dno
560 2467 636 2536 heic
661 2468 962 2537 animadvertisse.
989 2469 1021 2537 l.
1042 2469 1255 2558 Syro-Jaco-

134 2577 228 2643 bitas
251 2574 361 2641 multo
379 2573 556 2663 parciores
574 2575 687 2642 videri
702 2575 936 2660 Nestorianis,
955 2577 991 2644 in
1009 2577 1084 2643 suis
1101 2578 1256 2668 antiquis

134 2683 362 2766 documentis,
382 2682 494 2772 quoad
510 2682 711 2750 testimonia
726 2707 789 2772 pro
805 2683 960 2772 primatu
975 2685 1149 2752 Romanae
1164 2684 1255 2774 Apo-

134 2791 280 2862 stolicae
296 2789 397 2859 Sedis
412 2830 435 2842 -
451 2789 485 2856 2.
503 2789 558 2857 Ex
576 2790 690 2858 eodem
716 2791 948 2877 Barhebraeo‚
967 2797 1042 2860 tum
1058 2793 1096 2860 in
1110 2791 1256 2861 laudato

134 2924 249 2991 opere,
268 2905 343 2966 tum
358 2891 457 2983 alibi,
476 2903 512 2966 et
528 2900 735 2988 praesertim
759 2899 797 2966 in
821 2886 895 2984 illo,
916 2899 972 2968 cui
988 2899 1117 2968 titulus
1136 2929 1151 2964 o
1169 2899 1255 2968 Can-

134 3009 279 3078 delabra
295 3005 524 3076 Sanctuariin
541 3006 823 3096 quemadmodum
837 3031 878 3075 ex
893 3007 927 3076 N
929 3007 1127 3092 estoriauis,
1142 3007 1257 3076 evinci

135 3117 384 3207 antiquitatem
396 3113 599 3181 traditionis
613 3115 655 3180 ab
668 3114 789 3181 iisdem
798 3113 822 3181 J
823 3114 1150 3204 acobitisreceptam
1164 3115 1257 3182 circa

133 3225 241 3315 plura
256 3222 443 3290 Doctrinae
467 3221 665 3289 Catholicae
690 3220 819 3311 capita,
835 3231 993 3290 recenter
1023 3223 1255 3290 aProtestan-

134 3333 228 3400 tium
259 3330 405 3398 familiis
431 3329 600 3417 denegata
623 3333 659 3396 et
682 3335 888 3420 contempta.
919 3329 1120 3418 Cujusmodi
1144 3351 1198 3396 ex.
1217 3354 1253 3417 g.

135 3443 222 3507 sunt
236 3437 414 3506 doctrinae
430 3436 523 3504 circa
540 3457 700 3503 canonem
719 3435 781 3503 SS.
793 3437 963 3504 librorum
980 3477 1002 3486 -
1017 3436 1153 3504 modum
1170 3435 1257 3502 divi-

135 3545 240 3614 dendi
256 3544 343 3612 duas
358 3543 525 3632 Deoalogi
535 3542 951 3612 Tabulas-Sacramenta
963 3539 1253 3626 confirmationis,

195 3832 253 3910 (1)
271 3837 376 3890 Exstat
394 3849 505 3902 quoqne
519 3834 604 3903 thus
624 3833 849 3899 Iba-al-Taiyibi
861 3833 892 3884 in
906 3833 1010 3885 librum
1030 3831 1132 3884 Galerii
1151 3831 1256 3886 dictum

136 3933 190 3982 Are
208 3929 304 3980 Paron
322 3926 495 3994 Explicatis,
517 3925 548 3976 in
568 3926 634 3977 (lod.
648 3925 712 3976 443.
725 3924 809 3977 Arab.
825 3924 915 3975 Musei
933 3922 1106 3975 Britannici.

188 4028 191 4034 '
207 4012 253 4093 (2)
271 4017 325 4071 Est
344 4017 472 4082 dignitas
490 4019 589 4068 exorta
606 4019 672 4081 post
691 4014 861 4068 divisionem
879 4013 1012 4080 Syrorum
1029 4012 1257 4066 christianornm

137 4201 277 4266 schisma,
300 4201 329 4250 et
349 4197 513 4266 aequivalet
531 4194 667 4248 Primatis
688 4195 804 4262 gradui,
827 4199 925 4262 estque
945 4195 1037 4262 prima
1055 4197 1120 4262 poet
1140 4195 1255 4247 illorum

135 4289 343 4346 Petriarchcu.
