3056 4756
602 220 781 286 „53-

128 352 267 432 noster,
294 345 458 437 sedesque
482 367 586 436 super
620 369 705 414 eam.
743 346 797 415 Tu
836 348 919 414 item
954 368 990 415 es
1025 349 1122 434 fons,
1148 351 1251 441 cujus

129 479 238 551 aquae
260 479 329 523 non
352 454 531 538 deficiunt,
554 461 589 522 et
612 455 772 546 quisquis
789 455 960 538 sitiverit,
979 478 1021 524 ex
1044 462 1080 524 te
1103 479 1251 550 aequum

127 571 203 651 est,
229 568 271 633 ut
294 564 391 632 hibat
413 585 521 655 aquas
547 564 670 649 vivas,
697 570 733 633 et
757 565 854 632 sedet
877 564 973 632 sitim
998 587 1108 634 suam.
1136 567 1190 634 Tu
1214 591 1251 637 es

12 665 14 687 ζ
127 675 269 742 lucerna
293 694 381 764 quae
404 693 472 738 non
495 671 732 760 extinguitur,
759 671 818 739 sed
842 671 1003 740 illustrat
1023 696 1138 742 omnes
1156 696 1249 744 crea-

126 789 228 852 turas
251 781 345 849 sicut
368 779 512 848 candela
534 781 573 846 in
596 779 803 848 candelabro
879 779 916 846 in
941 781 990 849 Te
1014 782 1111 852 videt
1134 773 1251 853 lumen
1309 865 1313 872 ¹

127 898 201 961 tota
228 889 432 958 Christiana
456 889 677 980 Respublica,
709 911 797 981 quae
825 896 908 959 sunt
934 890 1048 981 proles
1070 891 1250 964 Ecclesiae

128 1003 281 1067 sanctae.
301 998 355 1066 Tu
371 1018 407 1065 es
424 1018 546 1065 murus
570 995 674 1065 fortis
698 995 871 1082 civitatis,
894 1018 982 1088 quae
1005 1003 1059 1066 est
1072 997 1188 1069 Mater
1204 1001 1252 1071 oi·

13 1191 14 1196 ἵ
129 1106 294 1190 vitatum,
312 1106 441 1174 Romae
456 1104 615 1194 Magnae,
632 1127 734 1195 quam
751 1105 908 1194 piscatus
925 1111 980 1174 est
996 1113 1101 1195 eaput
1117 1115 1250 1198 aposto-

12 1265 14 1304 ,
127 1215 242 1282 lorum
258 1214 385 1282 Petrus
402 1212 451 1300 (1)
468 1219 506 1304 et
519 1211 734 1281 architectus
751 1211 904 1303 prudens
920 1212 1063 1299 Paulus,
1082 1215 1143 1306 qui
1154 1238 1250 1305 prae·

129 1324 283 1390 buerunt
297 1321 416 1389 lumen
429 1319 586 1388 omnibus
599 1320 797 1388 hominibus
810 1320 942 1389 vinctis
954 1343 1070 1390 errore
1084 1322 1246 1393 Satanae.

129 1431 185 1498 Tu
207 1453 246 1496 es
271 1435 376 1518 caput
398 1429 550 1496 omnium
574 1430 730 1514 Petrum,
752 1430 846 1498 sicut
869 1435 945 1498 erat
961 1431 1086 1498 Petrus
1099 1432 1249 1500 omnium

126 1537 402 1627 Discipulorum,
419 1538 475 1605 oui
493 1537 614 1606 Sedem
631 1537 739 1605 altam
758 1543 793 1604 et
808 1537 989 1606 sublimem
1005 1538 1102 1607 dedit
1113 1540 1248 1608 Deus...

12 1693 14 1732 ς
126 1647 201 1714 Nos
225 1651 433 1734 peccatores,
451 1645 485 1715 N
487 1643 654 1713 estoriani
678 1667 809 1730 sumus,
829 1645 1008 1730 servitui,
1028 1647 1252 1716 convenimus

13 1837 14 1848 ἵ
128 1775 172 1822 ex
196 1754 354 1820 omnibus
376 1753 464 1821 locis
488 1753 1018 1822 orientalibus...obsecramus
1042 1754 1163 1847 itaque
1187 1757 1247 1842 Te,

126 1867 165 1930 et
186 1859 297 1946 Eum,
324 1860 385 1952 qui
407 1859 475 1928 tibi
492 1861 669 1929 *concessit
700 1862 764 1929 hoc
795 1861 922 1929 donum
952 1861 1183 1948 altissimum,
1209 1869 1251 1932 ut

128 1970 269 2038 ordines
292 1991 371 2037 eum
403 1967 594 2054 (Sulakam
617 1973 758 2060 nempe)
788 1969 887 2036 nobis
917 1971 1159 2039 Patriaroham
1190 1994 1251 2040 seu

12 2153 13 2156 ,
126 2077 346 2162 Catholioon,
363 2099 405 2145 ne
422 2097 621 2144 maneamus
636 2076 765 2166 pupilli
789 2079 917 2168 absque
934 2083 1034 2168 patre
1050 2085 1086 2147 et
1097 2084 1247 2168 pastore,

126 2193 164 2255 et
187 2185 247 2253 des
271 2185 338 2274 ipsi
362 2189 578 2273 potestatem,
599 2185 820 2274 perverbum
844 2190 956 2270 tuum,
983 2190 1024 2255 ut
1046 2187 1157 2276 possit
1173 2210 1249 2255 con·

127 2297 223 2362 ferre
246 2293 378 2382 gradus
401 2291 677 2376 ecclesiasticos,
704 2297 809 2382 prout
839 2315 924 2382 opus
951 2294 1116 2362 babuerit
1138 2317 1247 2383 grex,

126 2425 191 2493 pro
215 2424 309 2470 more
332 2401 632 2487 Patriaroharum,
650 2407 686 2470 et
702 2407 743 2470 ut
765 2401 881 2490 ligare
908 2403 1019 2492 possit
1042 2408 1078 2470 et
1102 2403 1247 2487 solvere,

126 2532 191 2601 pro
215 2509 467 2578 consuetudine
490 2513 635 2578 Petrum
666 2516 701 2579 et
723 2510 899 2579 Canobum
923 2509 1247 2600 apostolicorum...

127 2617 184 2686 Tu
208 2617 301 2686 enim
325 2618 397 2708 ipse
420 2618 525 2703 nosti,
545 2619 636 2710 quod
653 2618 789 2710 quando
809 2619 876 2688 filii
892 2624 1006 2708 egent,
1026 2624 1144 2708 patres
1159 2618 1250 2707 ipso-

126 2749 206 2797 rum
232 2725 375 2823 explent
398 2749 516 2794 corum
539 2726 847 2816 indigentiam...»

455 3027 461 3042 ι
506 2967 508 2972 -
622 2943 756 3026 §.xrs

194 3159 300 3226 Anno
308 3157 443 3227 Christi
456 3157 666 3226 reos-1610.
686 3157 785 3226 Elias
802 3157 1010 3227 Patriaroha
1027 3157 1250 3226 orientalium

127 3291 189 3336 seu
195 3266 484 3336 Nestorianorum
498 3289 574 3334 cum
587 3265 700 3334 adhuc
712 3266 749 3332 in
763 3265 917 3333 vinculis
928 3264 1109 3332 haereseos
1122 3264 1250 3333 detine-

127 3381 228 3444 retur
240 3375 303 3462 (2),
317 3373 462 3444 oonsilio
476 3374 714 3463 episcoporum
730 3378 766 3441 et
782 3373 962 3442 doctorum
979 3395 1061 3442 suae
1072 3372 1248 3458 NationiS,

133 3561 321 3572 ——-———

197 3662 242 3740 (1)
254 3667 410 3722 Manifesta
419 3667 524 3719 allusio
535 3664 570 3718 ad
580 3666 688 3718 celebre
701 3665 776 3718 illud
790 3666 1099 3719 versicnlnmNarsetis
1107 3665 1247 3734 Doctoris,

13 3763 17 3814 i
128 3778 158 3828 in
178 3791 202 3829 o.
223 3776 249 3826 1.
271 3788 357 3840 supra
381 3773 470 3825 citum
490 3787 543 3839 quc
563 3771 662 3825 canit:
691 3753 827 3843 diesis:
847 3764 1015 3864 Ἰμμῖςὲ
1035 3759 1164 3838 lasela
1185 3769 1252 3826 aab

128 3904 157 3956 b.
171 3918 195 3956 e.
221 3921 235 3949 u
247 3899 341 3968 (laput
359 3901 569 3968 Discipulorum
583 3901 710 3967 piscatus
730 3903 774 3953 cst
793 3899 949 3954 divitatem
967 3898 1187 3966 Principatns.n

199 3990 243 4063 (2)
262 3991 335 4044 Sane
355 3992 545 4044 Nestorianus
555 3993 725 4046 Patriaroha
740 3996 862 4058 quatuor
873 3989 968 4056 capita
980 3989 1011 4042 in
1018 3991 1077 4042 Sao
1086 3989 1159 4040 Fide
1172 4005 1253 4058 expo-

132 4083 183 4148 nit,
199 4081 351 4148 inquibus
370 4081 480 4136 fatetur
500 4099 528 4135 se
549 4098 670 4149 suosque
689 4099 706 4136 e
725 4082 871 4136 sententia
884 4082 939 4134 Diri
952 4083 1045 4147 Papae
1066 4082 1096 4132 et
1108 4080 1252 4133 Ecclesiae

131 4173 272 4225 Romanae
285 4171 455 4238 discrepare,
466 4173 592 4224 attamen
606 4171 723 4224 suadere
734 4174 853 4224 conatur
865 4167 1028 4238 hujusmodi
1044 4167 1252 4236 discrepantias

133 4262 322 4316 accidentales
342 4277 412 4328 esse,
434 4261 565 4328 nihilque
582 4263 675 4316 rectae
693 4261 760 4314 fidei
779 4262 884 4314 officere
909 4255 996 4332 (quod
1010 4261 1039 4312 et
1050 4259 1177 4324 Legatos
1190 4259 1252 4330 ejus
