3056 4756
242 336 291 404 tis
314 340 474 403 emanata
490 335 615 404 debent
638 358 659 402 a
683 337 851 426 subjectis
868 335 1086 428 quibuslibet
1102 336 1280 404 observari
1297 338 1370 406 ala-

244 442 364 526 criter,
390 441 519 532 potiori
541 441 640 530 jure,
666 443 818 533 idipsum
847 443 1109 511 attribuendum
1138 443 1366 513 Patriarcba-

240 575 318 620 rum
343 551 493 618 omnium
516 551 700 641 Episcopo,
726 558 762 622 et
785 552 1039 622 Universitatis
1064 552 1249 642 superiori,
1269 554 1366 621 simi-

242 659 292 726 lia
316 658 457 747 agenti:
484 663 520 728 et
543 659 606 728 hoo
628 659 641 748 j
648 663 734 727 uxta
766 660 941 750 principia
964 662 1007 728 ab
1030 661 1118 750 ipsis
1141 662 1364 732 Nestorianis

243 765 408 858 admissae

308 875 338 958 e)
363 872 452 942 Sane
476 895 517 941 ex
542 873 656 941 eodem
679 873 968 943 Nestorianorum
989 875 1113 944 Codice
1128 881 1164 944 et
1180 878 1366 964 sententia,

242 988 283 1051 ut
306 981 478 1050 vidimus:
504 982 619 1050 eodem
643 983 741 1050 modo
766 1005 801 1050 se
832 982 938 1051 babet
960 983 1170 1052 Patriarcba
1191 985 1370 1053 Romanus

241 1090 350 1158 relate
373 1091 418 1158 ad
445 1096 578 1158 eeteros
601 1090 823 1179 patriarchas
847 1097 882 1158 et
906 1091 1172 1160 universitatem
1197 1091 1354 1159 fidelium
1359 1157 1366 1191 ¹

242 1222 309 1290 quo
325 1221 361 1265 se
377 1197 483 1266 habet
496 1198 704 1267 Patriarcha
720 1200 877 1291 quisque,
897 1221 937 1268 ac
960 1199 1104 1289 proinde
1120 1205 1157 1268 et
1174 1198 1371 1269 Seleucian-

242 1308 302 1392 sis,
318 1301 379 1376 s'eu
395 1306 640 1392 Orientalium,
659 1329 745 1397 erga
762 1328 860 1376 suam
875 1307 1081 1376 Ecclesiam.
1104 1309 1174 1377 Ast
1192 1308 1311 1398 hujus,
1330 1309 1370 1375 in

243 1415 413 1499 omnibns,
436 1414 545 1503 judex
568 1421 622 1484 est
646 1415 740 1483 solus
763 1415 938 1484 Christus.
964 1415 1060 1506 Ergo
1076 1421 1122 1499 et,
1141 1415 1275 1505 pariter
1299 1418 1369 1485 sal·

244 1529 325 1607 tem,
349 1523 496 1590 Romani
519 1523 700 1591 Pontificis
724 1523 820 1591 solus
841 1523 951 1612 judex
974 1530 1029 1592 est
1044 1523 1218 1610 christus
1237 1529 1275 1592 et
1289 1548 1369 1594 con·

244 1636 426 1722 sequenter
442 1631 519 1719 ejus
535 1630 675 1699 decreta
692 1631 849 1700 absolute
865 1630 1003 1722 quidem
1020 1631 1208 1724 quaelibet,
1226 1655 1289 1722 pro
1305 1656 1369 1701 suo

244 1760 384 1806 munere
407 1741 579 1820 emanata,
606 1742 689 1804 sunt
712 1737 996 1805 irreformabilis.

312 1843 347 1928 d)
372 1842 472 1924 Quod
496 1865 624 1931 urgere
647 1843 731 1911 lieet
753 1866 791 1911 eo
815 1843 872 1912 vel
895 1843 1026 1932 magis,
1053 1844 1143 1934 quod
1166 1843 1370 1933 hujusmodi

245 1951 474 2042 privilegium
497 1950 725 2018 Patriarehae
750 1972 811 2018 seu
834 1950 1013 2019 Catholico
1037 1950 1203 2036 Orientis,
1222 1951 1259 2018 in
1276 1952 1370 2020 Ded·
1454 2007 1463 2023 .

243 2061 323 2149 jesu
348 2059 500 2149 Synodo,
520 2080 561 2127 ea
580 2058 716 2126 ratione
740 2059 953 2127 adscribitur
978 2063 1014 2126 et
1046 2058 1261 2144 vindicatur,
1283 2082 1368 2150 qua-

244 2173 347 2237 tenus
370 2167 544 2258 particeps
561 2166 747 2234 exhibetur
762 2172 971 2234 memoratus
987 2167 1123 2235 Primae
1138 2167 1327 2257 Privilegii
1345 2191 1369 2236 a

243 2276 383 2346 Christo
399 2277 475 2344 Drio
497 2276 539 2343 Β.
555 2277 660 2343 Petro
684 2275 849 2344 concessi.
874 2275 994 2364 Igitur
1017 2276 1127 2344 multo
1144 2277 1268 2366 majori
1285 2277 1369 2366 jure

245 2387 345 2454 debet
368 2385 404 2453 id
428 2385 496 2452 sibi
519 2383 713 2468 vindicare,
729 2383 789 2474 qui
813 2407 894 2453 vere
917 2389 954 2451 et
976 2383 1134 2473 legitime
1158 2385 1252 2454 solus
1276 2386 1369 2453 exsi-

245 2495 310 2564 stit
332 2494 430 2562 Petri
453 2515 642 2575 successor,
663 2493 775 2584 etqui
798 2493 998 2582 hujusmodi
1021 2499 1206 2584 propterea
1222 2495 1368 2584 privile-

246 2603 298 2691 gii
313 2601 413 2691 plene
437 2607 472 2668 et
495 2601 686 2691 adaequate
702 2600 801 2668 heres
819 2600 1023 2668 instituitur
1039 2601 1101 2689 (1).
1128 2601 1224 2684 Quae
1239 2603 1367 2688 omnia,

247 2734 352 2801 quum
375 2707 462 2798 ipsis
485 2707 771 2777 Nestorianorum
798 2707 982 2797 principiis
1010 2716 1215 2794 consonent,
1241 2733 1283 2777 ex
1306 2710 1370 2778 iis-

247 2820 400 2912 demque
410 2816 622 2901 inferantur,
637 2816 862 2885 assertionem
878 2819 1033 2883 nostram
1049 2817 1204 2906 apprime
1217 2839 1371 2908 compro·

248 2927 331 2994 bant
354 2925 417 3013 (2).

312 3034 375 3102 110.
394 3031 596 3101 Timotheus
608 3032 638 3100 Ι.
658 3031 1107 3102 PatriarcbaNestorianus
1132 3053 1220 3100 saec.
1235 3033 1299 3100 IX.
1318 3058 1371 3103 ce-

247 3141 469 3224 leberrimus,
494 3161 656 3206 canonem
679 3139 875 3230 publicavit
898 3141 935 3206 in
967 3140 1100 3228 synodo
1123 3141 1284 3229 Bagdadi
1307 3141 1372 3210 ha-

247 3250 321 3317 bita
343 3270 400 3315 an.
419 3247 561 3336 Imperii
583 3247 692 3313 Arab.
708 3247 785 3331 174,
811 3270 910 3338 quem
934 3247 1155 3317 confirmavit
1178 3251 1371 3318 rursumin

247 3358 360 3425 altera
382 3353 514 3444 synodo
537 3377 593 3422 an.
611 3355 675 3423 189
689 3351 843 3444 ejusdem
856 3355 1010 3444 Imperii,
1029 3361 1065 3423 et
1081 3357 1141 3447 qui
1158 3357 1200 3422 ab
1209 3356 1372 3425 Ecclesia

248 3465 455 3535 Nestorisue
466 3469 638 3552 receptus,
653 3467 803 3531 anostro
815 3462 1222 3554 EbedjesuMetropolita
1234 3464 1372 3534 Nisibis

252 3615 437 3627 .......--—-·

317 3689 358 3763 (1)
367 3691 480 3744 ¹Confer
499 3663 639 3743 Oenonem
659 3687 767 3754 Synodi
786 3687 911 3756 Dadjesu
924 3705 987 3742 mox
1000 3689 1120 3742 citatum
1132 3703 1193 3742 cum
1204 3690 1264 3758 J'am
1278 3705 1369 3758 supra

246 3798 269 3834 c.
282 3783 308 3834 1.
322 3781 407 3834 u.IV.
418 3780 553 3844 allegatis
566 3779 691 3846 ejusdem
704 3776 820 3844 Synodi,
836 3777 868 3829 in
888 3778 1006 3832 eandem
1019 3794 1088 3846 rem,
1103 3779 1228 3846 Decreti,
1242 3780 1277 3832 ab
1292 3779 1371 3846 Aga-

247 3871 309 3938 pito
327 3869 487 3937 ceterisque
506 3868 640 3922 Patribus
659 3867 791 3935 prolatis,
813 3867 920 3920 verbis.

319 3957 360 4030 (2)
379 3957 461 4014 Ist‘ud
480 3962 508 4012 et
527 3973 648 4025 sequens
676 3959 880 4025 argumentum,
903 3973 960 4011 una
978 3958 1079 4024 simul,
1102 3962 1131 4010 et
1149 3958 1278 4012 breviter
1297 3959 1370 4013 dell-

248 4049 316 4104 bavi
335 4051 366 4102 in
385 4051 515 4116 Epistola
528 4049 636 4114 scripta
650 4048 684 4100 ad
698 4045 797 4101 Rrirum
816 4049 875 4102 DD.
890 4049 951 4101 Jac.
965 4049 1003 4102 M.
1015 4050 1038 4100 I.
1057 4050 1116 4117 jam
1130 4047 1299 4114 Episcopum
1312 4051 1371 4102 Lu-

248 4140 416 4206 cionensem,
430 4155 499 4205 quae
519 4153 576 4190 una
594 4154 655 4190 oum
674 4137 799 4206 ejusdem
818 4139 853 4190 cl.
868 4139 1015 4190 Praesulis
1032 4139 1063 4190 in
1077 4153 1134 4190 rem
1145 4139 1290 4204 Responsa
1304 4157 1372 4207 pro-

249 4229 306 4282 diit
318 4243 407 4296 nuper
420 4228 498 4297 typis
511 4228 591 4281 Petri
609 4228 645 4280 H.
656 4227 687 4281 F.
703 4228 830 4282 Marictti
849 4228 971 4282 Taurini
985 4229 1054 4283 1870
1073 4229 1220 4298 impressa.
