3046 4756
639 130 839 200 -135-

175 260 374 350 legavimus
396 262 461 330 sub
483 262 619 330 nomina
642 262 749 331 etiam
776 260 888 330 Officii
910 261 1032 349 Magni
1054 267 1117 329 aut
1138 262 1294 330 Domini-

176 369 266 438 calis
282 374 346 438 aut
360 369 445 438 anni
460 369 607 438 Circnli.
632 369 843 438 Inscribitm
855 369 1024 460 siquidem
1043 369 1196 438 «Tomus
1211 371 1295 438 anni

176 475 324 561 Circuli,
341 503 357 540 a
377 477 598 568 continetque
621 476 741 545 Officia
755 477 1014 545 Dominicarum
1038 483 1074 546 et
1097 477 1294 546 solemnita-

175 590 253 652 tum
269 585 447 653 mobilium
462 585 572 654 totius
596 586 690 653 anni.
708 585 743 652 A
758 584 782 652 J
783 585 924 674 esnjabo
940 586 1120 676 Adjabeno
1144 591 1198 654 est
1221 587 1295 677 qni-

176 692 253 760 dem
276 698 391 760 tomus
413 693 480 762 iste
504 701 651 782 magnus
680 693 921 777 coordinatus,
948 695 1168 778 reformatus,
1183 701 1219 762 et
1237 695 1296 762 ad·

176 799 380 868 ditamentis
394 801 641 892 locupletatus,
660 801 754 869 siout
776 801 813 868 in
832 800 914 869 aliis
938 801 1044 870 etiam
1067 803 1154 871 fecit
1175 803 1297 870 officiis

177 909 436 994 ecclesiasticis,
454 933 523 978 non
545 915 737 979 esttamen
759 909 884 998 ipsius,
903 932 1012 1002 neque
1035 910 1239 978 recentioris
1262 916 1298 978 et

175 1017 395 1086 nestorianae
410 1018 538 1087 aetatis
554 1041 651 1108 opus,
666 1018 703 1085 in
720 1041 755 1085 se
771 1024 807 1086 et
822 1019 934 1109 quoad
952 1018 1116 1107 majorem
1138 1017 1297 1087 materiei

175 1131 324 1214 partem;
343 1127 403 1195 sed
424 1127 515 1217 quod
532 1150 664 1217 semper
687 1127 730 1194 ab
753 1126 889 1215 origine
905 1126 1169 1196 Christianismi
1193 1147 1296 1214 penes

174 1232 369 1303 Ecclesiam
381 1234 712 1324 Syro-Chaldaicam
725 1234 761 1301 in
774 1258 840 1302 usu
857 1235 940 1319 fnit,
956 1235 993 1301 in
1009 1257 1083 1302 eam
1100 1235 1246 1301 formam
1262 1239 1297 1301 et

175 1340 472 1426 distributionem,
487 1342 615 1434 quibus
631 1365 724 1410 nuno
743 1342 835 1410 illud
857 1342 1088 1432 conspicimus
1107 1342 1132 1409 J
1133 1341 1297 1430 esujabus

174 1448 385 1519 Patriaroha
405 1450 490 1535 ΙΠ.,
508 1450 646 1518 saeculo
662 1450 724 1520 VI.
744 1451 781 1518 in
798 1450 881 1519 VH.
901 1455 1071 1534 vertente,
1090 1450 1238 1539 redegit.

242 1557 406 1626 Alterum
429 1557 586 1626 Officium
616 1580 751 1648 quoque
775 1558 903 1648 passim
935 1580 955 1624 a
985 1558 1084 1625 nobis
1113 1557 1297 1626 laudatum

174 1664 384 1734 inscribitur
409 1693 426 1728 e
441 1664 566 1734 Gaza»
592 1663 627 1730 h.
646 1687 676 1732 e.
695 1663 896 1748 thesaurus,
923 1664 1012 1754 quod
1037 1665 1297 1753 comprehendit

174 1773 340 1862 majorem
356 1779 392 1856 et
408 1772 576 1862 potiorem
592 1777 726 1861 partem
742 1771 930 1840 officiorum
948 1771 1206 1840 solemnitatum
1228 1772 1296 1840 Do·

174 1881 263 1949 mini
278 1887 314 1950 et
331 1879 551 1964 Sanctorum,
572 1901 659 1972 quae
677 1879 843 1948 dicuntur
864 1879 1066 1948 immobiles.
1086 1879 1152 1948 Est
1167 1881 1205 1947 in
1228 1903 1295 1948 usu

173 1987 314 2076 integro
341 1987 434 2077 apud
450 1987 695 2070 Nestorianos,
727 1990 766 2052 at
792 1986 959 2055 Chaldaei
981 1986 1165 2055 orthodoxi
1187 1986 1296 2054 alium

176 2109 300 2160 tomum
330 2093 398 2161 sibi
421 2099 704 2183 composuerunt,
730 2114 834 2182 opera
856 2093 1061 2182 praesertim
1084 2092 1225 2182 Iosephi
1243 2094 1292 2161 II.

174 2224 293 2269 eorum
317 2199 543 2270 Patriarchae
567 2201 669 2268 initio
693 2221 782 2270 saec.
808 2199 945 2268 XVIII.
972 2201 1033 2291 qui
1056 2201 1168 2268 officia
1191 2202 1296 2270 festo·

174 2332 253 2377 rum
269 2309 496 2378 immobilium
511 2307 665 2380 continet
681 2308 811 2398 partim
833 2331 875 2377 ex
898 2308 973 2398 ipso
990 2308 1086 2377 Gaza
1102 2315 1292 2394 contracta,

173 2417 306 2508 partim
321 2440 410 2486 novo
427 2440 521 2486 cusa.
541 2415 703 2486 Ceterum
721 2415 836 2484 Gazae
853 2415 958 2482 nimis
974 2416 1121 2504 prolixe,
1140 2423 1179 2486 at
1194 2417 1295 2486 ditis-

173 2525 273 2610 sime,
299 2531 336 2594 et
357 2523 629 2614 elegantissime,
652 2523 867 2614 plerumque,
893 2530 978 2592 sunt
1000 2547 1130 2614 preces,
1157 2524 1293 2614 hymni,
1363 2599 1373 2610 ,

172 2639 211 2702 et
226 2633 364 2703 cantica
386 2632 593 2722 conscripta.
621 2632 770 2700 Initium
794 2631 893 2700 Tomi
915 2631 1023 2720 hujus
1048 2632 1206 2702 aNatali
1225 2633 1294 2702 Do·

173 2742 262 2810 mini
284 2747 349 2829 est,
367 2747 403 2812 et
425 2741 507 2810 finis
530 2741 567 2810 in
591 2740 798 2810 Inventione
822 2739 858 2808 S.
878 2739 1012 2810 Crucis.

709 2961 755 3034 1·

242 3174 343 3257 Quod
373 3174 529 3264 allegavi
551 3173 803 3244 Chaldaeorum
826 3174 1030 3243 Pontificale
1061 3198 1130 3243 non
1159 3182 1213 3246 est
1243 3176 1293 3244 id·
1373 3183 1516 3294 ponerent

171 3285 289 3373 ipsum
312 3284 402 3376 quod
417 3307 510 3353 nunc
527 3308 548 3352 a
563 3283 929 3352 chaldaeo-catholicis
946 3288 1151 3374 usurpatur,
1170 3281 1229 3350 sed
1250 3283 1293 3352 il·
1309 3249 1372 3296 cnm
1390 3261 1500 3298 osorum.

171 3393 236 3462 lud
253 3393 342 3486 quod
358 3393 542 3485 antiquum
565 3399 619 3461 est
641 3400 676 3461 et
690 3392 869 3483 proprium
881 3392 1178 3478 Nestorianorum,
1196 3393 1291 3479 licet,

171 3501 216 3571 de
228 3508 353 3587 cetero,
365 3501 456 3570 nihil
467 3501 686 3571 nestorianae
700 3501 790 3592 quod
803 3502 918 3592 sapiat
926 3500 1091 3586 haeresis,
1103 3503 1291 3588 contineat,

170 3616 312 3702 praeter
333 3611 473 3680 nomina
492 3617 529 3680 et
544 3611 666 3680 laudas
691 3633 809 3678 eorum
831 3611 941 3679 trium
955 3611 1155 3678 Doctorum.
1175 3609 1294 3678 Obiter

171 3719 309 3789 interea
331 3726 385 3789 est
407 3719 656 3788 admonendum
680 3716 1051 3787 chaldaeo-catholicos
1074 3717 1171 3785 nullo
1192 3717 1291 3805 jure,
1410 3737 1417 3752 ·

101 3847 106 3852 ·
170 3827 340 3919 nullaque
360 3828 502 3896 obtenta
519 3825 555 3896 S.
575 3826 676 3896 Sedis
691 3825 915 3916 Apostolicae
929 3825 1034 3894 venia
1056 3830 1092 3894 et
1115 3825 1294 3894 confirma-

170 3935 279 4022 tione,
304 3935 376 4004 alia
398 3935 489 4021 sibi,
515 3941 551 4004 et
573 3958 641 4003 non
662 3957 784 4026 parum
807 3935 851 4002 ab
873 3933 1029 4024 antiquis
1054 3939 1191 4002 mutata
1213 3935 1294 4002 effe-

170 4048 296 4114 cerunt
318 4043 448 4129 officia,
474 4043 634 4112 Ritualia
664 4041 863 4132 pontificale
886 4046 922 4110 et
943 4041 1054 4131 ipsam
1077 4041 1289 4130 Liturgiam.

170 4150 278 4221 Faxit
298 4151 394 4224 Deus
421 4156 462 4220 ut
494 4149 632 4220 Summo
658 4150 827 4219 Pontifice
856 4149 1020 4241 auspice,
1046 4151 1151 4220 Ritus
1181 4150 1294 4219 nostri
