3046 4756
719 152 851 218 -188
876 193 918 206 -

259 281 310 350 Et
320 281 358 349 in
370 279 544 350 Chaldaea
556 277 705 370 quidem,
716 279 777 346 ubi
789 301 831 347 ex
840 278 938 347 Actis
949 276 1148 368 Martyrum
1160 285 1197 348 et
1209 278 1378 370 SEprae·

260 411 314 457 mo
326 390 464 456 constat
478 384 648 476 plurimos
665 385 774 454 fuisse
786 384 1018 472 Manichaeos,
1034 387 1168 454 eosdem
1187 387 1287 456 modo
1307 410 1380 456 esse

261 521 338 566 cum
353 493 535 563 Dasanitis
547 516 609 563 scu
620 492 645 561 J
645 493 786 562 eziditis
800 492 970 582 conjicere
985 495 1109 563 merito
1130 494 1227 581 licet,
1245 501 1323 563 tum
1339 519 1382 565 ex

261 605 449 674 identitate
471 603 545 671 fere
567 601 831 693 principiorum,
856 607 933 670 tum
956 625 1061 671 exeo
1084 605 1176 694 quod
1199 604 1294 693 apud
1318 605 1382 673 hos

260 714 358 782 locus
381 711 538 780 omnibus
557 710 789 780 venerabilior
804 715 840 780 et
853 709 1055 799 religiosior
1078 710 1137 795 sit,
1157 711 1195 778 iu
1212 713 1380 802 Assyria,

261 820 427 910 templum
443 818 578 908 cuidem
593 819 735 888 Addaeo
759 843 907 889 sacrum.
923 821 1036 910 Atqui
1056 825 1195 888 constat
1208 819 1384 889 Menatem

262 929 354 996 inter
377 925 566 1017 discipulos
591 949 675 1018 quos
700 927 873 1014 adscivit,
900 934 936 998 et
958 927 1109 997 diversis
1135 927 1237 995 Orbis
1262 929 1383 1018 plagis

263 1033 459 1119 distribuit,
475 1033 644 1123 sacrilege
660 1035 828 1104 Divinum
844 1036 1064 1104 Servatorem
1080 1034 1253 1119 imitatus,
1273 1058 1384 1102 unum

263 1143 375 1211 fuisse
401 1143 538 1211 nomine
566 1142 770 1228 Addaeum,
804 1167 904 1234 quem
931 1143 1085 1233 praecise
1115 1142 1289 1232 Assyriae
1322 1151 1384 1210 seu

263 1251 465 1340 Adjabcnae
487 1259 524 1320 et
544 1250 810 1321 Beth-Garmae
829 1252 1069 1321 destinaverat
1081 1251 1143 1337 (1).
1166 1250 1313 1319 Saeculo
1330 1273 1385 1318 sa·

263 1358 351 1426 lutis
373 1364 513 1427 nostrae
535 1357 637 1428 VIII.
656 1357 877 1427 Manichaeos
900 1358 1069 1449 plurimos
1092 1380 1197 1448 penes
1216 1357 1385 1426 Ghelani-

264 1471 319 1532 tas
335 1470 371 1533 et
385 1464 607 1551 Dailamitas,
622 1466 714 1555 apud
730 1465 826 1535 Mare
842 1465 1018 1555 Caspium,
1037 1464 1213 1534 convertit
1234 1465 1385 1534 Subhal-

261 1571 371 1660 jesus,
389 1595 410 1639 a
425 1572 606 1642 Timotheo
618 1573 648 1642 I.
663 1573 873 1643 Patriarcha
888 1578 1026 1643 creatus
1041 1573 1184 1643 illarum
1199 1573 1385 1664 regionum

263 1677 497 1769 Metropolita.
1172 1695 1174 1700 ·

332 1788 436 1858 VIII.
453 1787 583 1857 Contra
604 1787 826 1858 Manichaeos
849 1789 968 1880 plures
991 1791 1207 1879 synchronos
1218 1789 1387 1858 Doctores

150 1886 153 1897 ’
265 1897 470 1982 surrexisse,
482 1903 590 1965 testes
606 1903 689 1965 sunt
703 1896 818 1967 Mares
835 1897 1040 1983 Salomonis,
1053 1903 1091 1966 et
1105 1900 1236 1966 Amrus
1252 1898 1289 1966 in
1306 1898 1386 1967 vita

264 2005 379 2094 Papae
391 2003 558 2072 Primatis
570 2003 833 2090 Chaldaeorum,
851 2005 972 2096 dequo
985 2004 1275 2073 moxeritsermo.
1292 2003 1386 2072 «Sub

264 2112 329 2180 hoc
351 2112 467 2196 Patre,
493 2111 670 2203 inquiunt,
688 2113 807 2204 plures
830 2120 931 2186 erant
954 2114 1122 2198 doctores,
1142 2113 1205 2204 qui
1229 2113 1384 2182 asseclas

266 2219 429 2304 Simonis,
454 2219 642 2289 Marcionis
666 2227 703 2290 et
725 2213 876 2291 Manetis
900 2221 1056 2313 aliosque
1079 2222 1383 2310 impugnabam.»

265 2328 336 2412 Qui
358 2335 486 2413 autem,
512 2328 702 2418 posteriore
725 2335 852 2414 aetate,
877 2329 1058 2398 memoriae
1081 2329 1213 2419 proditi
1237 2328 1386 2397 fuerunt

264 2457 367 2525 opera
389 2440 511 2502 contra
532 2433 704 2503 Monetam
727 2435 871 2527 ejusque
895 2435 1033 2505 Sectam
1047 2435 1307 2525 conscripsisse,
1326 2436 1381 2503 in-

264 2549 320 2611 ter
342 2542 452 2631 Syros
474 2541 677 2627 Chaldaeos,
704 2550 788 2611 sunt
810 2543 940 2612 Doctor
962 2542 1113 2632 Magnus
1135 2545 1290 2634 Apraem
1321 2544 1383 2636 qui

265 2649 382 2718 Nisibi
403 2655 529 2735 natus,
553 2650 756 2720 Diaconatu
780 2651 818 2718 in
840 2650 1001 2720 Ecclesia
1029 2651 1206 2719 Edessena
1236 2652 1382 2720 functus

267 2759 353 2827 obiit
383 2757 477 2827 circa
500 2781 556 2826 an.
583 2757 661 2826 373.
686 2757 879 2827 -Daniel
902 2758 1127 2827 Rheshainae
1158 2759 1196 2826 in
1218 2757 1388 2826 Nisibena

266 2866 453 2938 Provincia
467 2865 673 2956 Episcopus,
692 2867 786 2936 circa
808 2889 865 2935 an.
884 2867 963 2933 550.
976 2906 1022 2918 —
1037 2865 1180 2934 Gabriel
1202 2865 1385 2951 Hormuzi,

266 2975 508 3045 celeberrimae
530 2973 568 3042 in
591 2973 788 3059 Carmania,
804 2973 911 3062 juxta
935 2973 1058 3042 Sinum
1074 2973 1267 3058 Persicum,
1286 2973 1387 3044 urbis

265 3083 459 3174 Episcopus
482 3081 566 3152 circ.
584 3105 640 3151 an.
660 3083 738 3152 540.
752 3121 796 3134 ·-
813 3083 893 3150 Bud
916 3081 1151 3166 Periodeutes,
1171 3080 1388 3150 Christiano·

266 3216 345 3262 rum
367 3191 406 3259 in
421 3190 575 3276 Perside,
593 3190 823 3282 finitimisque
839 3189 1022 3260 Indiarum
1046 3189 1248 3280 regionibus
1267 3212 1388 3259 curam

335 3457 379 3535 (1)
398 3461 444 3515 Sic
461 3461 569 3514 habent
585 3458 821 3514 ActaChaldaica
839 3475 923 3526 saepe
941 3458 1032 3512 citata
1043 3458 1182 3523 Martyrr.
1197 3455 1387 3510 Beth-Seleu-

266 3553 354 3606 ciens.
374 3552 406 3604 in
425 3550 491 3604 Cod.
505 3550 589 3616 Borg.
606 3550 678 3603 0011.
693 3549 740 3606 Ur.
758 3549 792 3602 de
804 3551 889 3616 Prop.
903 3549 974 3602 I'ide
996 3564 1025 3601 n.
1036 3549 1145 3603 XVIII.
1160 3547 1209 3600 ubi
1231 3545 1388 3600 laudantur
1503 3587 1504 3592 κ

267 3641 392 3708 episcopi
419 3640 506 3708 hujus
525 3639 664 3704 Regionis
684 3643 712 3691 et
731 3639 900 3705 praesertim
919 3637 1119 3704 Metropolitae
1139 3635 1332 3689 Sciahkardao
1351 3636 1387 3688 cb
1503 3623 1504 3669 l

265 3733 356 3786 zelum
373 3731 405 3783 in
423 3731 509 3784 istam
528 3734 636 3798 pastam
655 3729 871 3796 eradicandam,
893 3731 922 3782 et
940 3742 1073 3795 expresse
1087 3726 1215 3780 traditur
1241 3725 1388 3778 varIarnm

266 3821 515 3888 persequutionum
533 3821 586 3873 sub
605 3819 709 3887 Sapore
722 3820 761 3872 II.
782 3820 814 3871 in
834 3818 1015 3871 Christianos
1033 3816 1223 3869 excitaturum
1242 3829 1299 3866 non
1321 3829 1388 3866 raro

265 3910 433 3978 impulsores
452 3913 536 3978 atque
558 3910 695 3963 Fautores
713 3909 893 3962 Manichaeos
918 3909 1076 3961 exstItisse.
1101 3907 1142 3958 De
1168 3904 1390 3959 Manichaeismi

218 4011 222 4022 ·
267 4001 377 4066 origiue
400 4004 429 4053 et
447 4016 598 4067 progressu
616 3999 726 4054 videsis
744 3997 858 4051 Archel.
875 3998 990 4065 Disput.
1014 4013 1073 4050 cum
1092 3996 1206 4048 Manete
1224 4023 1258 4036 ·-
1278 3994 1307 4047 S.
1321 3993 1390 4060 Epi-

267 4089 353 4155 phan.
374 4089 426 4142 lib.
441 4089 475 4142 de
493 4089 635 4142 Mensuris
654 4092 684 4142 et
701 4086 879 4142 Ponderibus
898 4090 928 4141 et
945 4087 1064 4143 Haeres.
1081 4084 1117 4136 66
1137 4085 1171 4125 -'
1191 4084 1219 4138 J.
1233 4085 1262 4139 S.
1276 4082 1389 4137 Assem.

268 4176 344 4231 Bibl.
358 4177 406 4232 Or.
421 4180 444 4230 t.
455 4178 483 4232 4.
497 4194 514 4231 a
533 4194 598 4247 pag.
612 4178 658 4231 44.
