3056 4756
638 81 839 150 -117-

176 201 382 293 petitionem
405 204 589 274 secundam
614 230 675 296 pro
698 208 729 276 I.
747 208 1019 300 Archiepiscopo
1045 210 1297 300 Hierosolymi-

177 316 274 396 tano,
301 311 362 403 qui
385 317 440 382 est
463 313 504 382 de
528 321 632 403 gente
654 323 797 401 nostra,
824 323 859 384 et
881 341 943 407 pro
971 319 1143 386 fratribus
1166 319 1297 386 nostris

178 419 412 490 orientalibus
435 421 653 508 christiania,
680 425 740 515 qui
764 439 846 493 sunt
868 425 1090 511 Antiochiae,
1110 427 1246 516 Tripoli
1263 432 1299 494 et

177 527 297 597 Accon
321 529 422 615 (Acri
446 553 506 598 seu
530 531 783 615 Ptholomaide)
807 541 842 601 et
865 535 902 600 in
925 534 1007 602 aliis
1038 535 1144 602 terris
1169 533 1299 602 vestris

178 635 230 723 (h.
251 659 281 704 e.
307 637 352 705 ad
368 637 578 706 occidentem
602 638 808 727 Chaldaeae,
827 641 863 708 in
880 643 992 734 iisque
1008 643 1106 727 locis,
1121 644 1182 733 qui
1198 649 1300 710 erant

178 748 265 811 tunc
289 744 326 811 in
350 743 501 813 dominio
517 745 856 837 Crucisignatorum)
872 757 913 818 ut
931 749 1211 819 recommendatio
1227 772 1296 834 eos,

177 873 223 918 ne
246 850 378 942 aliquis
405 875 463 922 ecs
490 859 595 923 vexet
622 863 725 924 etc.»
756 859 832 924 Ara
851 858 977 947 igitur,
1004 883 1077 944 suo,
1096 858 1299 948 laudatique

177 958 407 1028 Patriarohaa
430 961 578 1046 nomine,
596 961 792 1053 Epistolam
815 967 1021 1055 praefatam,
1041 990 1117 1034 oum
1132 963 1300 1033 Formula

176 1063 292 1149 Fidei,
307 1068 507 1136 transmisit
519 1070 562 1137 ad
578 1070 755 1138 Summum
767 1073 967 1141 Pontificem
984 1071 1296 1140 InnocentiumIV.

177 1173 372 1260 an.1247.,
392 1177 448 1244 cui
471 1179 642 1248 formulae
665 1180 900 1270 subscripsere
916 1187 1055 1272 praeter
1071 1179 1300 1250 Christicolas

177 1279 355 1368 Sirenses,
381 1284 677 1377 Archiepisoopus
700 1288 900 1372 Nisibenus,
927 1287 1048 1356 etalii
1072 1287 1139 1355 duo
1154 1285 1299 1354 Archie-

177 1389 331 1480 piscopi,
360 1398 396 1459 et
423 1398 496 1462 tres
525 1394 711 1485 Episcopi,
737 1397 858 1486 procul
892 1397 1007 1480 dubio,
1038 1403 1116 1486 post
1146 1395 1300 1485 ejusdem

175 1497 273 1566 Arae
296 1499 339 1566 de
362 1499 458 1568 Sinis
481 1502 518 1569 in
536 1504 737 1592 Assyriam,
767 1511 804 1572 et
829 1503 1108 1593 Mesopotamiam
1132 1489 1297 1572 reditum.

176 1605 275 1674 Haec
286 1606 501 1678 Documenta
512 1616 636 1679 extant
651 1612 744 1702 apud
760 1610 985 1700 Raynaldum
1002 1611 1046 1680 ad
1062 1633 1190 1679 annum
1203 1633 1301 1701 prae-

180 1713 314 1783 dictum
337 1715 436 1783 1247.
456 1738 477 1782 a
499 1741 595 1785 num.
614 1719 670 1785 32.
693 1719 742 1786 Et
765 1718 816 1786 sio
839 1719 964 1786 effecta
987 1719 1106 1786 fuerat
1128 1718 1212 1786 haec
1229 1718 1300 1807 pri·

179 1843 237 1888 nra
260 1822 497 1915 omniumque,
523 1847 612 1916 quae
635 1826 850 1894 authenticis
875 1831 1037 1894 constant
1060 1826 1298 1910 monimentis,

179 1929 429 2020 antiquissima
451 1931 739 2002 Nestorianorum
761 1934 933 2024 penei-alic
956 1933 1001 2002 ad
1024 1935 1157 2004 avitam
1179 1934 1300 2002 Fidem

179 2035 415 2108 Orthodoxam
439 2039 628 2111 Conversio
644 2043 706 2130 (l).
725 2043 780 2112 cf.
798 2043 904 2112 etiam
921 2043 974 2112 cl.
992 2043 1028 2112 J.
1048 2043 1084 2112 S.
1103 2041 1301 2110 Assemanii

179 2144 222 2212 B.
242 2145 283 2214 O.
301 2152 329 2214 t.
349 2146 381 2214 3.
400 2171 434 2237 p.
454 2147 487 2217 2.
506 2171 586 2240 pag.
602 2151 681 2220 410.

247 2691 537 2782 Abnlpharagius
559 2693 716 2772 Abdulla
737 2693 946 2763 Benattibus
961 2693 1011 2782 (2)
1029 2693 1219 2778 Irahensis,
1239 2716 1299 2762 seu
1369 2704 1519 2752 Benattibus

180 2799 342 2888 Bagdadi
365 2801 402 2868 in
425 2799 622 2888 Babylonia
643 2806 762 2885 natus,
787 2801 928 2885 Doctor,
955 2800 1199 2890 Philosophus,
1228 2799 1298 2868 Me·
1312 2768 1520 2878 fflffffmu*

180 2908 293 2991 dicus,
307 2907 498 2976 Monachus
517 2913 552 2976 et
568 2910 763 2998 presbyter,
783 2915 877 2976 secta
893 2909 1135 2991 Nestorianus,
1155 2908 1298 2976 ineunte

180 3015 361 3084 undecimo
384 3015 520 3084 Christi
544 3017 693 3102 saeculo,
713 3017 855 3101 claruit,
870 3016 970 3084 Eliae
987 3017 1097 3084 Primi
1119 3016 1297 3085 Nestoris·

179 3155 305 3201 norum
334 3133 562 3202 Patriarohaa
586 3157 607 3200 a
631 3133 795 3202 Sacratis.
828 3131 925 3201 Obiit
947 3138 1063 3201 antem
1087 3154 1176 3200 anno
1199 3131 1298 3200 Chri·
1388 3131 1395 3154 ¹

180 3341 368 3352 ,σῇσι-ιι.-

252 3470 295 3550 (1)
314 3474 466 3527 Generales
479 3470 711 3526 Nestorianorum
730 3485 790 3524 oum
808 3470 935 3524 Ecclesia
948 3469 1074 3522 Romana
1093 3467 1299 3521 reconciliatio·

181 3582 233 3620 nee
254 3570 283 3619 et
301 3565 337 3618 ad
355 3564 437 3617 fidem
456 3561 640 3630 orthodoxam
660 3562 860 3615 conversiones
880 3561 1002 3628 appello,
1023 3575 1084 3612 oum
1103 3559 1153 3612 cit.
1168 3557 1299 3612 obiisse«

180 3657 286 3724 mania,
307 3671 364 3722 ees,
386 3670 457 3722 quae
476 3670 493 3706 a
511 3653 688 3706 Patriarchis
714 3653 795 3704 illius
816 3651 959 3716 gentiset
978 3649 1187 3702 Communionis
1206 3649 1298 3700 iactae

180 3747 271 3812 luere,
290 3745 481 3812 particulares
500 3745 605 3809 autem,
626 3757 696 3809 quae
716 3743 907 3807 episcopcrum
931 3742 960 3790 et
978 3739 1077 3806 populi
1090 3738 1209 3805 alicujus
1221 3738 1300 3788 Dioc-

180 3850 275 3889 ceseos
294 3835 426 3887 extitere.
447 3834 555 3885 Harum
576 3835 697 3898 quatuor
715 3832 844 3898 exempla
856 3833 992 3881 memorat
1003 3827 1109 3881 ibidem
1127 3829 1162 3880 ol.
1180 3827 1296 3882 Auctor:

179 3925 356 3993 generalium
375 3939 442 3978 vero
462 3925 607 3991 quinque,
628 3923 673 3975 cui
692 3921 821 3974 addenda
846 3923 890 3973 est
915 3923 997 3972 sexta
1016 3933 1088 3986 quae
1109 3917 1207 3972 evenit
1223 3917 1298 3969 circa

180 4015 312 4071 au.1750
331 4016 383 4068 sub
402 4014 468 4068 Elia
487 4017 517 4066 et
533 4014 668 4081 Jesujabo
687 4014 804 4079 Nepote,
824 4010 858 4063 dc
878 4011 982 4077 quibus
1000 4024 1064 4062 mox
1083 4008 1141 4062 erit
1161 4021 1261 4062 sermo.

249 4099 295 4181 (2)
314 4104 393 4170 Quod
412 4105 518 4159 rectius
537 4103 712 4156 scriberetur
730 4101 941 4168 ibn-al-Taiyb.
