3056 4756
596 275 772 342 ..69ἡ

128 397 168 463 in
191 397 290 466 domo
313 398 452 466 Domini
467 400 600 485 nostri,
610 405 647 468 ct
662 403 766 490 ouJ'us
781 401 859 470 luce
875 401 1070 490 gloriosa...
1081 406 1117 470 et
1134 425 1175 469 ex
1193 425 1247 470 cu-

127 503 189 591 jus
213 505 292 574 sede
315 505 470 592 illustri,
496 529 611 576 omnes
633 531 695 576 nos
718 508 971 577 illuminamur.
997 509 1097 578 Patri
1119 510 1248 580 Nostro

131 611 259 681 Sancto
281 613 427 682 Domino
443 621 562 684 nostro
578 617 692 706 Papae
707 615 894 685 Benedicta
909 617 1007 700 XIV,
1022 617 1248 685 Patriarchae

130 719 298 789 Civitatis
321 721 523 792 benedictae
552 723 793 792 celeberrimae
817 731 853 791 et
883 724 1088 814 principalis
1120 724 1247 792 Romae

130 833 166 894 et
188 834 339 919 quatuor
366 829 591 918 plagarum...
614 830 716 898 Elias
739 830 977 913 humillimus,
1005 831 1065 921 qui
1096 830 1248 899 inservit

130 937 328 1004 ministerio
353 937 455 1006 Sedis
477 937 727 1027 patriarchalis
757 960 845 1029 quac
868 939 905 1004 in
928 937 1069 1007 Oriente
1091 943 1193 1009 est...
1209 944 1250 1006 ut

11 1079 13 1094 ·
130 1043 227 1112 filius
251 1044 402 1114 dilectus
425 1052 506 1114 ante
535 1051 669 1135 patrem
697 1045 952 1156 misericordem
983 1046 1139 1136 loquitur
1170 1069 1247 1114 con-

11 1195 12 1232 3
128 1151 289 1219 fidenter.
312 1148 446 1221 Debent
468 1154 559 1220 enim
588 1152 657 1220 filii
688 1152 858 1220 honorare
888 1157 1005 1244 patres
1035 1175 1115 1220 suos
1140 1153 1247 1242 ‘spiri-

129 1258 246 1326 tuales
270 1263 305 1326 et
329 1259 576 1348 corporales...
596 1283 614 1326 o
638 1261 743 1328 Pater
758 1259 972 1329 universalis
995 1265 1173 1328 stacten

196 1365 320 1454 Pergit
346 1366 595 1434 confessionem
623 1365 724 1435 Fidei
755 1389 837 1435 snae
867 1389 1036 1456 exponere
1066 1388 1107 1434 ea
1135 1372 1247 1455 prote-

129 1475 280 1543 statione
304 1475 615 1566 quamvehementi,
642 1497 710 1563 qua
733 1481 876 1564 exoptat
905 1475 1066 1544 unionem
1090 1497 1172 1543 suae
1196 1497 1246 1542 se·

129 1585 218 1648 otae:
242 1579 346 1665 idest,
365 1586 406 1649 ut
423 1580 494 1670 ipse
517 1581 582 1662 ait,
596 1581 761 1666 Orientis,
788 1604 864 1649 cum
881 1581 968 1650 Sede
985 1581 1188 1671 Apostolica
1211 1581 1247 1648 in

11 1717 12 1734 ¹
128 1688 301 1773 omnibus,
316 1689 426 1758 salvis
449 1690 687 1757 tantummodo
709 1689 855 1756 Ritibns
882 1697 918 1756 et
941 1689 1248 1757 constitutionibus

11 1791 12 1794 '
128 1797 216 1880 suis,
242 1802 278 1866 et
301 1796 402 1865 addit
427 1798 578 1882 “lb-2)
602 1796 693 1887 quod
718 1796 749 1864 si
772 1795 977 1865 inveniatur
999 1795 1134 1887 aliquid
1158 1797 1248 1885 quod

128 1905 229 1974 vobis
252 1905 366 1974 minus
389 1905 527 1992 placeat
545 1927 587 1972 ex
603 1904 710 1988 hisce,
735 1925 822 1996 quac
845 1903 1060 1994 scripsimus,
1080 1903 1251 1972 faciemus.

128 2019 171 2080 ut
193 2013 231 2080 id
257 2011 394 2102 placcat
416 2013 540 2080 vobisc
559 2011 622 2101 (1).
678 1999 681 2005 ’

11 2105 12 2126 ’
195 2119 264 2218 Hic
286 2125 402 2187 autem
433 2119 481 2186 sit
510 2118 592 2186 linis
623 2118 903 2186 documentorum
933 2123 1038 2206 atque
1069 2138 1248 2206 argumen-

125 2236 255 2310 torum,
270 2226 396 2316 quibus
408 2225 543 2293 abunde
555 2229 620 2310 est,
632 2229 673 2292 ut
685 2224 771 2292 mihi
792 2224 945 2308 videtur,
960 2225 1253 2306 demonstratum,-

11 2423 12 2430 .
128 2340 165 2402 et
188 2333 376 2423 unicnique
400 2355 441 2400 ea
456 2333 658 2422 perlegerit,
676 2331 747 2400 nisi
760 2332 959 2401 voluntarie
976 2331 1160 2413 caecutiat,
1175 2332 1253 2399 eviw

127 2441 250 2510 denter
272 2441 343 2509 crit·
364 2445 574 2531 compertum
590 2463 604 2506 :-
624 2440 662 2507 in
685 2439 971 2510 Nestoriarmrum
994 2438 1184 2507 traditione
1207 2459 1248 2506 ac

127 2548 314 2632 sententia,
334 2547 546 2617 unanimiter
562 2553 599 2616 et
614 2553 814 2617 constanter
830 2547 961 2616 haberi:
981 2547 1169 2615 Romanam
1186 2545 1249 2614 Se-

126 2659 204 2725 dem
227 2664 264 2724 et
284 2657 457 2724 Romanos
480 2655 666 2724 Pontifices
679 2655 717 2723 in
730 2655 930 2725 universam
941 2653 1135 2722 Ecclesiam
1145 2674 1256 2722 verae

125 2763 151 2831 J
152 2763 395 2833 nrisdiotionis
410 2771 445 2832 et
460 2762 658 2853 Magistcrii
674 2763 725 2852 (2)
742 2762 896 2832 obtinere
909 2760 1114 2848 Primatum,
1130 2767 1248 2852 quate·

125 2895 194 2940 nus
219 2871 269 2956 is,
287 2893 330 2940 ex
354 2871 580 2962 dispositione
602 2871 753 2957 Domini,
779 2893 840 2962 per
863 2870 1113 2940 successionem
1136 2869 1247 2937 inca

11 2975 12 3016 ³
125 2979 288 3046 thedram
310 2979 352 3048 B.
375 2979 485 3062 Petri,
511 2979 599 3068 ipsis
619 2978 701 3068 jure
725 2983 907 3069 competat,
934 2979 994 3070 qui
1016 2978 1058 3046 B.
1076 2979 1180 3047 Petro
1210 2986 1249 3046 eo

11 3171 13 3178 Ι
125 3091 229 3175 pacto
253 3085 325 3154 init
348 3085 523 3155 divinitus
539 3085 700 3170 collatus,
717 3091 758 3154 ut
773 3091 865 3154 esset
880 3087 1072 3155 duraturus
1088 3091 1124 3154 et
1139 3107 1249 3179 usque

125 3193 163 3260 in
187 3191 291 3261 finem
315 3191 530 3260 saeculorum
558 3215 624 3260 non
653 3193 832 3282 periturus
865 3193 902 3260 in
925 3179 1118 3276 Oatbedra,
1145 3203 1247 3284 quam

125 3322 226 3369 suam
250 3299 377 3368 Rornae
399 3299 479 3366 fixit
501 3299 592 3368 idem
614 3300 858 3390 Apostolorum
882 3299 1060 3388 Princeps,
1087 3302 1124 3366 et
1146 3299 1262 3387 cujus¹

11 3429 13 3452 ³
125 3407 272 3476 heredes
294 3405 332 3474 in
356 3405 419 3474 illo
441 3405 672 3497 Episcopatu,
698 3407 852 3496 ejusdem
884 3407 1084 3478 divinarum
1114 3405 1255 3473 dotium·
1292 3411 1294 3416 '

107 3623 112 3636 “
131 3611 319 3624 *—

125 3738 278 3850 &aas
298 3729 390 3846 feld
424 3755 494 3846 (ἢ
513 3732 587 3837 ,aas
605 3724 670 3794 3⁵5
704 3730 775 3812 l-l‘s
805 3727 962 3815 ussatei
995 3722 1049 3838 520
1079 3741 1176 3819 (ab)

495 3868 587 3988 ·(0a
616 3899 660 3956 se
689 3867 755 3985 sc)
789 3871 889 3980 utel
918 3872 1022 3953 5⁵²³?
1051 3870 1092 3956 aa
1121 3859 1244 3986 {asel

196 4017 240 4094 (1)
260 4020 313 4072 Est
331 4019 428 4072 eadem
446 4021 530 4086 plana
550 4019 681 4086 loquutio
701 4032 750 4070 seu
769 4018 906 4084 clausula,
923 4031 979 4083 qua
991 4015 1073 4068 Elias
1087 4015 1163 4067 alins
1177 4029 1245 4066 usus

127 4110 223 4164 luerat
240 4111 273 4162 in
292 4110 425 4178 Epistola
443 4107 479 4161 ad
498 4109 618 4160 Paulum
631 4109 666 4162 V.
687 4123 734 4160 an.
750 4105 828 4174 1610,
850 4110 883 4159 ut
902 4121 987 4173 supra
1006 4105 1105 4158 retuli.

195 4194 241 4274 (2)
260 4199 433 4268 Quamquam
453 4197 486 4251 de
499 4197 667 4263 Magisterio
687 4197 720 4250 a.
736 4197 767 4248 P.
783 4197 815 4248 in
828 4197 929 4264 specie,
946 4195 1124 4248 enucleatius
1138 4197 1168 4246 ct
1180 4208 1248 4259 pro·
1301 4249 1303 4260 ,

126 4289 200 4356 pius,
222 4289 362 4356 agendum
381 4289 453 4341 mihi
473 4287 562 4339 sitin
582 4287 714 4354 sequenti
730 4287 833 4352 capite.
