3036 4750
367 821 369 834 .
463 663 875 800 rnoioous

185 1596 404 1674 Iamdudum
418 1595 510 1672 mihi
523 1596 563 1673 in
577 1597 700 1674 animo
716 1619 923 1698 posueram,
937 1597 975 1671 et
988 1597 1109 1673 studia
1123 1621 1218 1691 mea,

104 1722 142 1799 in
166 1722 237 1799 otii
255 1721 370 1816 horis,
389 1746 493 1822 quas
514 1722 611 1800 inter
624 1720 885 1825 occupationes
900 1719 996 1796 sacri
1009 1721 1222 1814 ministerii,

104 1850 258 1950 captare
286 1849 465 1948 poteram,
489 1870 533 1922 eo
550 1847 771 1948 ‘quandoque
792 1845 1014 1938 direxeram,
1047 1848 1089 1921 ut
1116 1846 1226 1924 colle-

104 1972 172 2049 ctis
191 1997 240 2048 ex
257 1969 395 2047 nostris
424 1971 658 2048 Nestorianis
676 1969 900 2047 testimoniis
919 1995 962 2047 ac
980 1971 1219 2064 documentis

104 2097 412 2176 demonstrarem:
430 2095 559 2172 Fidem
578 2093 809 2174 Catholioam
827 2094 1079 2198 Apostolicam
1096 2099 1134 2172 et
1148 2097 1227 2176 Ro-

104 2247 257 2299 manam
285 2221 383 2325 apud
401 2222 546 2298 eosdem
566 2221 751 2298 exstitisse
771 2247 927 2325 semper,
951 2248 995 2300 ac
1012 2221 1091 2298 fere
1118 2222 1225 2301 hodie

105 2347 297 2441 exsistere,
322 2371 435 2424 unam
453 2347 692 2448 eandemque,
716 2373 791 2425 uno
809 2348 956 2451 dempto
975 2347 1141 2426 addititio
1159 2348 1222 2425 illo

104 2477 148 2552 de
166 2471 368 2552 Dominioa
385 2472 642 2551 Inoarnatione
668 2474 881 2550 nestoriano
899 2474 1095 2576 Dogmate.
1120 2471 1223 2560 Quae

104 2602 233 2676 autem
245 2597 409 2675 haeresis
429 2599 586 2699 quando,
601 2622 764 2698 quanam
777 2597 933 2693 ratione,
952 2601 989 2674 et
1002 2597 1223 2700 quibusnam

103 2725 238 2801 mediis
266 2723 362 2826 apud
389 2722 710 2824 Syro-Orientales
738 2723 847 2800 liosce
875 2722 1095 2801 christianos
1130 2723 1225 2800 irre-

103 2850 236 2953 pserit,
255 2848 540 2950 eorundemque,
559 2873 671 2950 quam
695 2873 824 2925 sanam
851 2852 889 2924 et
906 2849 1090 2952 integram
1109 2850 1223 2926 asuis

104 2973 318 3078 Apostolis,
342 2972 429 3048 inde
457 2997 480 3048 a
506 2971 717 3075 primordiis
742 2972 942 3067 Ecclesiae,
966 2976 1221 3075 susceperant,

105 3100 214 3176 fidem
252 3097 521 3193 maculaverit,
554 3099 683 3201 quinto
716 3098 855 3176 scilicet
889 3099 929 3175 in
967 3103 1113 3176 sextum
1140 3123 1225 3176 ver-

104 3227 207 3301 tente
235 3223 394 3318 saeculo,
418 3223 575 3301 historia
592 3223 690 3301 clare
717 3223 822 3300 docet
842 3221 917 3328 (l).
941 3223 1115 3325 Quisque
1140 3248 1229 3300 vero

105 3348 245 3442 cernit,
277 3373 324 3424 ex
351 3348 612 3426 concordantia
638 3349 934 3427 nestorianorum
962 3350 1002 3426 in
1031 3348 1229 3427 Catholica

105 3473 292 3551 sententia
319 3499 404 3552 cum
435 3473 517 3576 ipsa
545 3473 738 3552 Catholica
765 3477 803 3552 ct
829 3475 1002 3552 Romana
1027 3473 1219 3567 Ecclesia,

104 3624 181 3678 una
207 3602 363 3701 excepta
388 3597 533 3676 haeresi
568 3600 609 3677 in
635 3599 800 3677 Concilio
830 3600 870 3678 3⁰
896 3599 1131 3678 oecumenico
1162 3601 1227 3676 da-

103 3730 244 3820 mnata,
268 3723 494 3802 luculentum
513 3750 557 3802 ac
573 3725 859 3828 inexpugnabile
887 3707 1090 3828 exsurgere
1117 3751 1227 3828 argu-

104 3855 272 3928 mentum
299 3850 345 3927 ad
371 3851 507 3946 robur,
542 3851 748 3928 extrinsece
785 3850 897 3946 licet,
930 3850 1133 3928 addendum
1160 3875 1226 3928 ve-

103 3977 208 4053 ritati
236 4000 279 4051 ac
306 3973 523 4076 antiquitati
555 3975 721 4053 eiusdem
748 3975 962 4055 Catholicae
988 3974 1117 4068 Fidei,
1151 3976 1221 4052 etsi

105 4101 169 4180 illa
186 4103 263 4179 iam
281 4102 490 4206 septuagies
509 4103 645 4206 septies
664 4103 713 4180 sit
731 4104 888 4205 probata
905 4127 948 4179 ac
964 4101 1184 4179 iustificata.

176 4259 221 4336 (1)
236 4266 276 4316 Dc
295 4263 348 4316 hac
367 4277 397 4314 rc
416 4263 568 4316 habebitur
588 4279 676 4316 scrmo
695 4264 727 4316 in
746 4263 802 4315 flnc
821 4263 852 4315 in
871 4262 943 4330 App.
957 4263 995 4315 ΙΙ.
