3036 4750
224 381 333 465 modo,
347 377 479 448 talibus
502 399 543 446 ac
565 377 677 446 tantis
700 377 851 464 dotibus,
873 376 1051 462 laudibus,
1075 377 1342 470 nominibusque

222 493 482 578 cruciansque
505 485 625 574 digna;
640 484 700 554 sed
723 490 857 571 contra,
877 485 1107 556 exsecrandae
1129 486 1341 578 imposturae

221 620 263 667 ac
285 587 496 678 ambitionis,
517 591 777 686 horrendaeque
799 593 1034 680 infidelitatis,
1053 593 1155 663 immo
1176 599 1214 664 at
1236 595 1341 685 spiri·

222 705 333 774 tualis
355 702 599 774 fornicationis
614 725 707 793 erga
722 702 905 772 Dominum
921 709 957 774 et
972 705 1142 796 Sponsum
1159 705 1342 775 caelestem

136 799 152 826 ’
224 835 296 899 ree,
319 812 544 905 omnibusque
567 811 869 882 maledictionibus
894 811 1003 902 digna
1024 813 1221 885 exsisteret.
1243 815 1342 897 Quae

224 920 313 990 satis
337 921 411 990 sint
441 919 485 989 ad
515 923 758 1009 argumentum
788 919 1026 1009 propositum,
1052 942 1094 988 ex
1118 919 1252 1010 insigni
1275 919 1342 990 hoc

224 1029 446 1114 Documento,
472 1027 701 1099 evolvendum
723 1049 764 1097 ac
786 1026 1059 1098 dilucidandum.

725 1251 757 1326 5.
774 1243 838 1314 IV.

293 1462 496 1532 Timotheus
509 1461 541 1529 I.
559 1461 609 1548 (1)
625 1459 685 1552 qui
700 1483 769 1529 non
789 1460 961 1530 immerito
976 1463 1165 1530 vocaretur
1178 1459 1342 1550 Magnus,

226 1594 316 1640 anno
338 1568 473 1642 Christi
496 1569 562 1637 778
584 1567 792 1638 Patriaroha
814 1567 1047 1637 Orientalium
1078 1589 1141 1636 seu
1163 1567 1344 1637 Nestoris·

226 1701 348 1749 norum
370 1676 623 1761 renunciatus,
659 1675 854 1766 splendoris
875 1681 980 1768 atque
1008 1675 1193 1744 immensae
1225 1681 1344 1746 exten·

227 1786 335 1855 sionis
359 1784 415 1855 sui
438 1782 706 1853 Patriarchatns
728 1783 893 1868 lactatus,
913 1782 1071 1852 omnibus
1094 1782 1163 1852 sibi
1185 1804 1226 1852 ao
1253 1783 1342 1870 suis,

227 1894 346 1963 favore
381 1889 586 1982 praesertim
620 1888 940 1979 potentissimorum
973 1893 1059 1957 tunc
1090 1888 1344 1980 Chalipharum

228 1998 372 2090 inperii
393 1995 558 2082 Arabici,
583 1995 764 2086 Bagdadi,
790 2017 877 2086 quae
907 1996 984 2064 eius
1014 2001 1091 2065 erat
1113 1995 1185 2064 fixa
1211 1997 1341 2084 Sedes,

228 2106 473 2196 regnantium,
507 2127 666 2195 prospere
699 2103 887 2172 admodum·
916 2103 1181 2173 succedentibus
1214 2105 1342 2191 rebus,

229 2214 492 2284 memorabilem*
505 2212 648 2303 scripsit
663 2212 708 2281 ed
724 2211 935 2282 Marannoha
954 2212 1136 2300 (Dominus
1152 2217 1269 2282 noster
1289 2212 1343 2283 vi-

229 2323 293 2411 cit)
316 2321 463 2393 Ninives
486 2319 696 2410 Episcopum
718 2319 926 2410 Epistolam.

294 2432 325 2500 Ι.
350 2431 393 2499 ln
415 2430 481 2499 hac
501 2428 662 2520 Epistola
683 2428 771 2498 totis
794 2427 931 2499 viribus
954 2428 1190 2498 demonstrare
1212 2429 1347 2498 nititur

228 2562 311 2610 suae
323 2537 416 2623 Sodi,
431 2559 534 2629 qnam
546 2541 698 2606 ceterum
712 2559 781 2606 non
796 2541 903 2626 negat
914 2558 1055 2604 numero
1072 2540 1109 2605 et
1120 2535 1235 2626 gradu
1250 2537 1346 2606 inter

228 2644 480 2740 patriarchales
502 2642 705 2728 habendam,
720 2643 777 2712 vel
793 2643 915 2712 saltem
938 2665 1047 2734 usque
1069 2647 1155 2713 tunc
1173 2643 1342 2729 habitam,

227 2755 397 2846 quintam,
411 2750 561 2841 primum
583 2772 658 2820 esse
672 2749 824 2820 dandum
839 2751 953 2820 locum
969 2752 1197 2842 antiquitatis
1220 2750 1346 2820 saltem

227 2867 264 2931 et
276 2862 424 2928 honoris.
442 2857 527 2927 Dixi
543 2860 770 2950 antiquitatis
784 2863 821 2928 et
837 2860 987 2943 honoria·
1003 2859 1073 2932 nisi
1087 2859 1179 2928 enim
1195 2859 1346 2930 velimus

229 2989 430 3059 supponere,
447 2970 586 3036 tantum
609 2965 849 3035 Patriarcham
871 2967 1088 3058 insipienter,
1114 2973 1251 3038 etcum
1274 2991 1345 3036 ma·

228 3077 359 3146 nifasta
381 3074 450 3144 sibi
472 3074 542 3164 ipsi
564 3074 847 3161 contradictione,
859 3074 1119 3164 jurisdictionis
1141 3075 1247 3145 etiam
1273 3076 1346 3166 pri·

230 3187 359 3252 matum
383 3204 489 3274 super
504 3186 636 3251 ceteras
659 3181 764 3252 Sedes
787 3205 872 3251 suae
892 3182 975 3252 Sedi
990 3181 1168 3253 vindicare
1185 3188 1347 3252 conatum

230 3292 352 3378 fuisse,
369 3291 423 3359 ita
440 3290 563 3360 saltem
578 3290 823 3380 restringenda
838 3296 874 3360 et
888 3290 1151 3382 interpretenda
1169 3295 1253 3361 sunt
1268 3291 1347 3380 ejus

230 3401 337 3470 verba
358 3404 394 3467 et
416 3419 522 3467 mens.
541 3397 648 3465 Porro
663 3396 903 3498 nihilomiuus,
919 3399 957 3466 in
972 3403 1054 3467 actu
1071 3399 1146 3488 ipso
1160 3418 1347 3488 argumen-

229 3507 375 3578 tationis
396 3528 465 3575 nou
487 3504 628 3574 dubitat
649 3511 767 3596 aperte
790 3507 971 3576 adstruere
991 3511 1027 3576 et
1042 3506 1199 3598 confiteri
1217 3506 1348 3597 prima-

230 3617 322 3686 rium
344 3619 380 3684 et
402 3613 630 3705 principalem
652 3614 799 3704 gradum
816 3614 898 3685 Sodi
913 3615 1011 3684 Rom.
1031 3619 1174 3706 propter
1188 3615 1343 3686 Petrum.

144 3711 151 3724 ⁸
297 3709 417 3792 Placet
438 3721 545 3791 verba
577 3720 860 3812 eloquentissima
886 3721 993 3791 huius
1015 3719 1203 3792 Antistitis
1226 3720 1347 3811 paullo

230 3830 347 3900 fusius
374 3827 548 3898 exhibere.
578 3828 662 3913 Ait,
690 3827 823 3917 igitur,
853 3829 891 3896 in
921 3830 1082 3919 praefata
1108 3828 1256 3919 epistola
1260 3879 1344 3898 ......

235 3937 362 4020 uQuod
377 3942 492 4006 autem
505 3936 668 4006 Christus
684 3936 871 4005 secuudum
887 3958 1024 4006 carnem
1041 3959 1084 4006 ex
1099 3936 1268 4006 nobismet
1287 3959 1347 4028 ap·

232 4047 390 4139 paruerit
412 4045 462 4114 sic
485 4046 770 4116 demonstramus:
795 4044 835 4114 Si
865 4045 957 4115 enim
983 4044 1146 4116 Christus
1178 4047 1213 4114 in
1243 4066 1348 4116 carne

238 4207 423 4222 Μ

304 4279 345 4356 (1)
364 4284 423 4334 Iam
441 4281 546 4334 citatus
565 4297 588 4333 o.
605 4280 630 4332 1.
645 4297 674 4333 n.
686 4281 736 4336 VI.
