3036 4750
757 285 801 302 .-
824 246 869 316 14
890 285 934 301 -.

286 394 351 464 que
367 371 624 460 Sacerdotibus,
640 372 701 466 qui
718 374 911 444 sacerdotio
935 375 1135 466 funguntur
1158 400 1220 468 pro
1242 376 1404 448 Ecclesia
1498 449 1499 484 ,

170 481 172 486 '
202 511 210 527 ι
285 485 452 548 sancta.»

350 585 392 652 In
416 609 558 655 numero
582 591 697 656 autem
721 587 916 678 accepisic
943 588 1047 679 primi
1071 589 1400 681 Sermonisoctavi,
1445 601 1448 608 '
1498 563 1499 576 ἵ

285 693 346 786 qui
361 698 415 762 est
430 695 602 784 secundus
620 695 738 763 Partis
753 695 890 782 tertiae,
910 696 960 764 sic
976 698 1210 768 ratiocinatur
1222 700 1403 770 Anbaren·

284 801 345 871 sis.
365 831 381 866 a
397 802 557 892 Triplici,
569 803 632 888 ait,
651 803 787 873 ratione
802 827 924 873 nomen
939 829 1040 879 suum
1056 807 1162 876 habet
1173 809 1338 900 Princeps
1360 833 1404 881 ae

283 911 421 979 Primus
442 911 702 1001 Apostolorum,
729 912 876 982 scilicet:
900 914 1081 1000 Simeonis,
1097 916 1205 1002 Petri,
1226 939 1266 986 ac
1281 918 1404 1009 Kepae

285 1023 360 1106 (seu
376 1018 537 1110 Gephae),
557 1020 657 1110 quasi
673 1021 811 1112 triplici
826 1022 1007 1112 mysterio.
1035 1023 1171 1093 Simeon
1189 1026 1327 1117 quidam
1343 1027 1404 1096 he·

285 1127 420 1196 braice:
446 1128 573 1196 Petrus
595 1134 710 1198 autem
734 1151 878 1220 graece:
903 1131 1005 1221 Kepa
1028 1155 1110 1200 vero
1134 1133 1315 1222 syriace...
1334 1135 1405 1204 Ter

284 1234 321 1302 in
338 1235 435 1304 domo
448 1235 600 1326 Caiphae
617 1240 764 1328 negavit
778 1239 911 1306 Filium
928 1246 1080 1330 tempore
1092 1241 1280 1327 Passionis,
1297 1249 1404 1335 atqua

284 1342 369 1412 item
391 1349 445 1411 ter
469 1345 648 1413 confessus
671 1352 725 1414 est
740 1347 778 1414 in
793 1347 1072 1431 assurrectione,
1088 1347 1193 1436 juxta
1209 1350 1404 1441 aequalita-

283 1456 352 1518 tem
375 1453 522 1520 numeri.
547 1453 679 1524 Factus
703 1455 774 1524 fuit
796 1455 896 1524 Patri
919 1479 1042 1526 servus
1063 1456 1219 1546 justitia,
1245 1464 1281 1527 et
1310 1459 1405 1530 Filio

284 1558 373 1649 Ejus
395 1559 602 1651 Discipulus
624 1563 754 1651 gratia,
780 1568 816 1630 et
839 1561 991 1652 Spiritui
1006 1562 1197 1654 Apostolus
1213 1564 1402 1654 charitate,

286 1675 321 1738 et
345 1669 473 1739 Tribus
495 1672 637 1740 Praeco.
669 1671 815 1756 (Factus
839 1673 925 1757 fuit)
948 1671 1049 1740 Fidei
1081 1673 1345 1744 fundamentum
1368 1682 1406 1745 et
1473 1673 1476 1678 ’

284 1775 474 1866 Apostolis,
501 1777 675 1846 fratribus
698 1778 784 1862 suis,
811 1777 988 1875 Princeps,
1007 1783 1043 1846 et
1060 1777 1237 1848 Ecclesiae
1254 1781 1406 1852 Sanctae

286 1883 526 1970 constructor,
545 1891 581 1954 et
596 1886 633 1954 in
650 1885 745 1955 hisce
763 1885 879 1954 tribus
895 1886 1117 1956 victoriosus.
1143 1888 1217 1958 Hoc
1232 1891 1405 1979 mysterio

286 1992 418 2083 accepit
447 1992 637 2060 indorum
668 1993 794 2064 Claves
824 1994 953 2063 excelsi
981 2017 1021 2062 ac
1051 1995 1240 2084 profundi,
1267 1997 1407 2068 scilicet

252 2107 254 2122 '
286 2099 427 2170 Caelum
450 2106 485 2170 et
509 2101 651 2171 Terram
668 2108 704 2171 st
719 2101 889 2192 Regnum,
908 2103 945 2171 in
970 2103 1109 2193 signum
1130 2104 1285 2195 triplicis
1304 2106 1404 2176 Pote-

202 2282 205 2290 ,
287 2208 403 2278 statis.
429 2208 593 2279 Pascitur
625 2211 730 2280 etiam
758 2233 899 2300 gregem
923 2211 973 2298 (1)
1007 2211 1213 2280 rationalem
1242 2220 1405 2304 respectu

287 2317 396 2384 trium
413 2319 584 2387 ordinum:
605 2340 686 2388 oves
703 2323 805 2410 (quae
821 2319 1001 2409 gignunt):
1022 2325 1057 2388 et
1076 2341 1157 2389 oves
1172 2319 1311 2406 (mistas
1325 2345 1406 2390 cum

287 2427 429 2515 capris):
441 2432 477 2496 et
499 2449 607 2517 agnos
628 2427 700 2515 (vel
717 2429 859 2513 arietes)
876 2428 938 2516 (2),
950 2428 1056 2517 juxta
1071 2428 1270 2497 mandatum
1281 2430 1405 2499 Pasto-

286 2535 337 2604 ris
352 2534 615 2605 Universorum.
641 2536 736 2605 Laus
758 2536 851 2604 Filio
874 2535 950 2622 Dei,
970 2536 1031 2627 qui
1054 2537 1321 2606 vocavitillum
1340 2537 1405 2606 Pe·
1444 2612 1446 2616 ,

286 2648 377 2712 tram
394 2665 523 2729 veram,
542 2649 579 2712 et
596 2666 700 2735 super
723 2643 825 2712 illum
849 2643 1072 2735 superposuit
1093 2643 1289 2714 aediticium
1301 2644 1407 2714 Fidei

287 2757 468 2820 sanctae.»

351 2859 394 2927 In
416 2859 474 2930 N⁰.
500 2863 617 2930 autam
640 2859 695 2930 30.
721 2859 804 2952 Cap.
822 2861 852 2929 Ι.
880 2859 1056 2930 Sermonis
1070 2859 1103 2928 9.
1122 2859 1208 2929 haec
1231 2860 1336 2930 habet
1352 2861 1406 2931 di-

286 2967 671 3039 sertissimusAnbaree
684 2969 877 3060 Episcopus
888 2969 1134 3040 Nestorianust
1152 2969 1251 3058 «Ipsa
1268 2991 1406 3061 quoque

258 3075 389 3146 ,Petra
423 3075 587 3146 veritatis
618 3076 779 3146 Christus
803 3077 1011 3166 Redemptor
1034 3076 1282 3144 ereaturarum
1305 3077 1407 3148 misit

286 3205 390 3274 super
413 3183 537 3252 faciem
561 3183 689 3252 Terrae
712 3183 891 3253 duodecim
914 3182 1104 3274 discipulos
1122 3205 1274 3252 veraces.
1293 3182 1406 3273 Majo-

285 3312 357 3364 rem
379 3312 496 3359 sorum
520 3290 714 3381 appellavit
736 3292 894 3376 Petram,
921 3295 963 3359 ut
989 3295 1080 3358 essct
1105 3289 1251 3395 veritati
1275 3289 1405 3358 funda·

230 3463 231 3468 ,
284 3403 449 3496 mentum,
476 3403 584 3490 utque
606 3421 712 3488 super
733 3397 836 3466 illum
852 3398 1052 3468 ascenderet
1070 3396 1284 3466 constructio
1299 3397 1406 3468 Fidei

285 3528 399 3574 verae.
426 3506 584 3576 Voeauit*
598 3507 736 3600 quidem
752 3529 829 3575 eum
845 3507 984 3576 Petram
999 3505 1043 3574 ad
1060 3505 1261 3575 firmitatem
1277 3506 1405 3576 adver-

285 3635 345 3683 sus
369 3615 557 3702 contraria,
576 3621 681 3707 atque
697 3621 738 3684 ut
753 3637 857 3706 super
880 3614 978 3682 illam
1002 3613 1225 3684 elevarentur
1248 3619 1407 3684 structu-

245 3908 248 3914 .
356 3862 397 3940 (1)
416 3868 478 3921 Vox
497 3865 644 3920 chaldaica
663 3879 712 3919 seu
725 3863 844 3932 Syriaca
857 3863 1001 3930 significat
1014 3877 1081 3917 ores
1093 3862 1220 3932 cujusvis
1234 3860 1339 3929 speciei
1353 3876 1412 3916 sen.

285 3972 397 4024 gregem
416 3957 521 4010 ovium.

356 4044 398 4118 (2)
416 4045 585 4115 Hujusmcdi
603 4061 691 4115 prope
710 4047 778 4099 sunt
797 4043 1022 4110 significationes
1035 4043 1123 4098 trium
1138 4043 1236 4096 horum
1250 4040 1405 4096 vocabulo-

286 4150 348 4188 rum
371 4135 501 4191 divcrsas
520 4136 628 4203 specics
648 4136 742 4190 ovium
761 4135 985 4202 designantium,
1006 4134 1050 4186 uti
1071 4132 1214 4187 habentur
1234 4130 1346 4185 eaedem
1368 4131 1404 4186 in

285 4223 314 4278 S.
326 4225 435 4280 Joanns
457 4241 480 4279 c.
492 4225 570 4293 XXI,
585 4226 688 4292 quibus
708 4225 878 4280 adamussim
897 4221 1109 4292 respondentia,
1125 4222 1157 4275 in
1175 4221 1276 4287 lingua
1294 4221 1404 4292 lat-ina,

285 4315 397 4380 ignoro.
