3036 4750
594 253 771 323 ...13...

116 379 308 469 ahrogavit
323 401 381 448 eos
396 378 512 450 Filius
523 380 602 467 Dei,
620 381 680 451 sed
695 382 836 452 minime
852 406 930 453 cum
953 382 1028 452 illis
1051 384 1239 474 abrogavit

116 491 274 558 Petrum.

185 597 258 684 (Νο.
270 597 343 686 61.)
355 597 417 686 Bis
433 597 596 668 Christus
612 600 809 670 nominavit
817 601 955 670 Petram
971 601 1104 671 Filium
1111 602 1136 670 J
1138 624 1235 671 onae:

117 705 229 796 primo
253 728 359 797 quum
382 729 459 774 eum
483 708 636 792 vocavit,
663 713 698 776 ct
721 709 871 778 secundo
895 731 999 800 quum
1025 710 1145 800 elegit.
1175 711 1237 778 Al-

115 819 227 880 teram
251 813 396 902 scripsit
413 813 439 880 J
439 835 578 899 oannes,
597 821 633 884 et
648 815 795 884 alteram
811 816 1025 886 Matthaeus:
1043 817 1086 886 In
1102 817 1127 884 J
1129 841 1237 887 oanne

116 919 221 987 dixit:
247 926 289 988 tu
312 920 491 988 vocaberis
513 921 631 1006 Petra,
657 927 693 990 et
708 923 746 989 in
762 922 952 991 Matthaeo:
976 928 1018 992 tu
1033 947 1070 992 es
1086 924 1233 993 Petra...

183 1028 256 1113 (Νο.
276 1028 348 1113 62.)
371 1028 535 1098 Jcmvero
558 1030 727 1099 Dominus
752 1031 943 1100 Simeonem
967 1032 1178 1101 oeconomice
1202 1039 1238 1102 et

118 1135 325 1225 mysteriose
348 1136 487 1212 Petram
510 1139 663 1225 vocavit;
685 1139 821 1208 scilicet
844 1142 879 1224 a)
906 1145 945 1208 ct
960 1140 1131 1209 incolume
1147 1145 1238 1208 esset

115 1252 153 1312 et
175 1243 303 1313 stabile
334 1245 425 1334 quod
456 1267 563 1335 supra
585 1246 726 1314 Petram
748 1246 978 1324 aedificatur:
1008 1249 1040 1334 b)
1056 1253 1106 1316 'ut
1129 1270 1233 1338 super

115 1352 217 1419 illam
241 1352 439 1441 imponatur
462 1374 503 1421 ac
526 1375 645 1422 secure
665 1353 823 1423 elevetur
839 1355 1053 1424 constructio
1069 1377 1179 1447 usque
1194 1355 1237 1422 ad

114 1458 341 1528 altitudinem
363 1459 469 1530 tacti:
495 1464 526 1546 c)
550 1460 643 1530 dixit
665 1461 806 1532 Petram
830 1463 931 1555 quasi
962 1462 1095 1532 diceret
1127 1464 1232 1545 boses,

111 1565 383 1656 fondamentum
406 1573 511 1659 atque
535 1585 638 1658 capot
661 1571 787 1660 cupali
809 1570 986 1640 Ecclesiae
1004 1577 1157 1657 sanctae,
1176 1595 1238 1640 uec

113 1698 183 1743 non
207 1673 360 1744 aedificii
383 1674 617 1746 Confessionis
641 1685 717 1766 (seu
733 1677 849 1764 Fidei)
873 1677 1036 1767 lapidem:
1061 1678 1097 1767 d)
1121 1678 1237 1769 appal-

111 1783 209 1854 lavit
230 1783 381 1868 Petram,
407 1785 537 1853 attali
560 1785 658 1854 modo
681 1785 879 1854 aedificium
902 1791 1138 1875 supportaret,
1171 1810 1237 1878 quo

112 1895 298 1960 structura
330 1898 429 1960 recta
457 1893 665 1963 eveheretur
695 1917 805 1985 usque
829 1895 873 1962 ad
904 1895 1174 1984 perfectionem,
1202 1900 1239 1962 et

112 2001 231 2090 ipsum
253 2000 451 2069 aedificium
474 2002 646 2070 immobile
677 2007 789 2070 staret
811 2001 850 2069 in
880 2001 1015 2092 pluviis
1045 2023 1085 2072 ac
1108 2007 1236 2092 tempe·

111 2108 280 2192 statibus,
305 2107 616 2202 inconcussumque
639 2116 675 2179 ct
697 2110 947 2195 firmissimum,
966 2115 1089 2179 contra
1112 2119 1237 2180 ventos

112 2223 150 2284 et
172 2223 367 2286 torrentes:
394 2221 424 2303 c)
447 2217 587 2287 Petram
610 2219 758 2311 denique
787 2217 880 2292 dixit
903 2219 947 2288 ad
972 2218 1238 2306 significandam

110 2324 319 2394 firmitatem
341 2325 446 2412 fidei,
473 2332 508 2396 et
539 2327 629 2419 quod
651 2327 793 2417 Religio
817 2331 899 2423 (seu
923 2327 1128 2412 Confessio)
1153 2349 1238 2401 vera

112 2431 253 2500 Christi
275 2453 343 2499 non
367 2438 420 2500 est
443 2455 549 2523 super
571 2455 711 2502 arenam
735 2439 937 2503 constructa
960 2434 1023 2523 (1).

182 2539 255 2625 (N0.
267 2537 341 2625 63.)
351 2539 467 2621 Quum
475 2540 639 2610 Christus
651 2541 784 2610 Filium
795 2541 820 2608 J
821 2562 905 2609 onae
918 2541 962 2609 ad
975 2564 1010 2609 se
1022 2542 1173 2625 vocavit,
1182 2539 1239 2608 illi

113 2647 277 2738 promisit
288 2671 335 2731 se,
346 2647 643 2738 posthino,ipsum
652 2650 793 2717 Petram
803 2648 1074 2739 appellaturum.
1091 2649 1238 2731 Quando

115 2763 234 2825 autem
258 2779 335 2826 eum
358 2756 469 2846 elegit
492 2762 527 2826 et
551 2757 643 2826 dixit
666 2758 742 2825 illi:
769 2759 818 2826 aa
842 2781 873 2824 eo
897 2759 1016 2841 Petro,
1034 2757 1138 2825 aliam
1152 2763 1238 2826 tunc

114 2864 380 2955 promissionem
402 2865 459 2933 illi
483 2867 555 2934 fuit
577 2866 770 2956 pollicitus,
790 2889 838 2951 sc,
856 2865 1003 2950 scilicet,
1032 2865 1089 2934 illi
1113 2865 1238 2936 Claves
1365 2855 1366 2860 ἵ

115 2972 214 3040 Caeli
238 2972 413 3057 daturum,
440 2995 547 3063 quum
571 2972 731 3042 dixisset:
759 2973 837 3039 Tibi
860 2971 959 3056 dodo,
977 2972 1145 3042 videlicet
1160 2979 1239 3062 post

115 3080 330 3164 Passionem,
357 3081 495 3170 quando
519 3081 562 3149 de
585 3080 734 3149 mortuis
757 3103 991 3166 resurrexero,
1022 3087 1058 3148 et
1079 3080 1117 3148 in
1138 3081 1240 3151 Nova

116 3188 216 3256 fuero
239 3187 366 3276 gloria,
393 3189 472 3255 Tibi
495 3187 580 3255 dabo
606 3187 726 3256 Claoes
748 3190 862 3278 Requi
887 3188 1065 3257 coeloram
1069 3238 1137 3256 .....

182 3297 242 3366 N0.
261 3295 317 3365 58.
349 3297 416 3365 Est
438 3297 547 3366 tertia
570 3297 682 3367 clavis
713 3297 915 3387 spiritualis
939 3319 1042 3388 quam
1066 3297 1240 3365 commisit

116 3406 287 3474 Dominus
309 3405 489 3495 Apostolis
513 3406 636 3474 suis...
658 3427 746 3497 quae
769 3405 933 3474 consistit
955 3406 993 3473 in
1016 3427 1158 3473 munere
1181 3404 1239 3472 do·
1276 3478 1278 3490 ,

119 3513 218 3581 cendi
242 3518 346 3604 atque
369 3513 413 3580 ad
436 3513 654 3602 Religionem
679 3514 839 3598 vocandi,
860 3536 927 3604 quo
955 3517 1148 3581 nascuntur
1171 3511 1240 3579 filii

118 3619 201 3706 Deo;
218 3640 321 3711 quam
345 3619 483 3710 quidem
506 3619 648 3690 Clavem
671 3620 822 3689 tradidit
844 3619 1052 3688 Pontificum
1067 3618 1241 3690 Maximus

118 3725 298 3815 Apostolis
322 3726 530 3794 Pontificum
553 3727 782 3817 principibus:
799 3749 861 3816 per
877 3748 998 3793 manus
1013 3726 1138 3794 Petrae
1154 3726 1239 3794 Bar·
1274 3737 1278 3748 '

116 3833 220 3922 jonae
243 3833 354 3902 Primi
370 3834 599 3904 Patriarohac
627 3835 779 3904 tradidit
806 3835 905 3904 illam
932 3833 1161 3904 Pontificibus
1188 3839 1239 3904 at-

191 4133 232 4209 (1)
251 4137 370 4192 Mirifice
390 4139 465 4192 hacc
478 4141 635 4192 consonant
655 4154 686 4192 ac
705 4138 848 4205 parallelo
867 4139 934 4190 sunt
953 4137 981 4190 S.
993 4137 1098 4192 Leonis
1116 4139 1239 4208 maffa-

123 4226 166 4278 tis
183 4227 427 4293 eloquentissimis
446 4229 478 4281 in
490 4227 586 4282 ¹ileum.
601 4229 651 4284 IV.
667 4223 719 4300 (al.
733 4223 802 4297 111.)
822 4228 881 4280 c.2.
901 4227 933 4280 in
956 4226 1030 4280 diam
1048 4227 1163 4281 Natalis
1183 4228 1237 4294 sui,

127 4328 198 4379 quae
216 4316 340 4369 consule.
373 4373 376 4381 ,
