3036 4750
388 283 389 290 Ν
500 285 502 289 .
585 247 763 316 ..33-

178 373 281 455 Quod
296 375 465 465 probatur
488 379 524 463 o)
548 375 632 468 quia
647 375 679 444 si
693 376 820 446 Petrus
841 377 879 444 in
895 399 998 448 sensu
1013 378 1149 468 Ignatii
1164 403 1233 450 uon

110 482 335 571 intelligatur
361 483 505 552 Romam
532 485 680 570 venisse,
710 484 931 554 nullomodo
958 508 1081 556 verum
1104 486 1234 558 fuisset

112 613 176 690 sua
198 591 314 682 ipsum
335 591 501 661 Romanis
517 592 651 662 dedisse
666 597 863 683 praecepta:
879 593 1012 662 nullam
1034 593 1125 664 enim
1148 594 1232 686 Epi·

111 697 237 767 stolam
261 697 306 766 ad
321 697 493 766 Romanos
516 697 624 786 misit;
643 719 765 768 sensus
789 719 871 768 vero
890 702 1074 771 uerborum
1089 701 1148 772 hic
1163 707 1229 771 est:

6 895 8 904 Ι
109 827 179 873 non
195 805 289 874 sicut
300 805 428 874 Petrus
451 809 487 874 et
509 804 642 877 Paulus
658 805 920 897 praecipiebant
943 807 1041 877 vobis
1056 831 1120 898 ego
1133 830 1231 900 prae·

6 929 8 942 ’
110 934 214 1003 crp1o.

178 1020 213 1107 b)
235 1019 409 1089 Probatur
432 1041 475 1088 ex
503 1019 783 1090 concomitantia:
804 1021 949 1092 Constat
970 1021 1062 1092 enim
1081 1022 1231 1093 Paulum

109 1130 255 1198 Romam
270 1128 418 1214 vonisse,
431 1128 549 1220 ibique
560 1135 776 1220 praesentem
788 1129 908 1200 fideles
919 1129 1001 1199 illos
1012 1129 1231 1223 alloquutum

108 1244 192 1327 etc.;
218 1260 324 1330 quum
346 1237 480 1328 igitur,
506 1239 571 1308 hoc
593 1238 679 1325 loco,
698 1239 737 1308 in
760 1239 825 1308 hoo
847 1229 998 1325 munere,
1025 1263 1103 1310 cum
1126 1239 1229 1309 Petro

107 1346 357 1436 coniungatur,
371 1346 512 1436 Ignatio
535 1345 703 1432 Auctore,
729 1347 950 1417 inferendum
972 1353 1009 1418 et
1030 1348 1145 1438 ipsum
1167 1348 1229 1417 Pe·
1332 1383 1336 1394 ·

6 1505 8 1518 .
107 1459 204 1522 trum
219 1453 259 1522 in
266 1453 359 1522 Urbe
375 1459 589 1544 praesentem
604 1453 799 1525 ministerio
814 1457 913 1526 verbi
929 1457 1089 1526 functum
1104 1456 1226 1526 fuisse.

178 1567 209 1649 e)
236 1562 308 1632 Nec
332 1584 431 1631 secus
461 1563 538 1631 ulla
569 1563 809 1653 conciperetur
835 1564 927 1632 ratio
956 1564 1130 1634 sufficiens
1161 1587 1230 1655 qua

107 1669 389 1739 dicaturPetrus
405 1693 483 1740 cum
494 1670 620 1740 Paullo
635 1671 745 1741 fuisse
759 1673 991 1741 Romanorum
1011 1677 1225 1765 praeceptor,

105 1799 192 1868 prae
215 1777 344 1847 ceteris
366 1779 524 1847 omnibus
547 1779 740 1870 Apostolis.

174 1883 212 1972 d)
236 1885 332 1954 Idem
354 1885 518 1975 analogia
540 1885 712 1956 historica
737 1886 891 1956 evincit:
922 1886 1052 1978 ubique
1074 1887 1166 1956 enim
1189 1887 1228 1956 in

6 2055 7 2062 ,
106 1992 269 2062 historiis
293 1999 329 2061 et
350 1995 581 2064 monumentis
604 1995 780 2084 antiquis,
807 1991 944 2086 quando
967 1999 1113 2087 uterque
1135 1995 1227 2087 Apo·

105 2101 220 2172 stolus
243 2101 460 2172 coniunctim¹
478 2108 762 2172 commemoratur
786 2103 843 2174 vel
865 2102 1088 2190 describitur,
1113 2103 1164 2172 ibi
1190 2110 1228 2174 et

104 2209 147 2279 de
171 2207 359 2302 utriusque
379 2210 484 2278 simul
501 2210 621 2280 habito
635 2209 764 2278 Romae
776 2210 987 2300 Apostolatu
1003 2215 1040 2278 et
1055 2211 1227 2301 martyrio

103 2318 236 2388 mentio
252 2318 309 2388 vel
325 2319 598 2408 repraesentatio
613 2317 810 2392 exhibetur.
835 2317 931 2408 Ergo
954 2325 991 2388 et
1005 2318 1168 2409 Ignatius
1184 2319 1227 2387 de

103 2433 255 2518 utroque
280 2425 436 2516 loquens,
462 2432 498 2494 ct
521 2425 660 2518 quidem
684 2449 761 2496 cum
784 2427 961 2512 Romanis,
980 2427 1025 2496 ad
1041 2427 1227 2520 utriusque

104 2557 241 2626 quoque
257 2534 295 2602 in
312 2533 440 2602 Urbem
453 2535 642 2604 adventum
659 2533 853 2604 necessario
869 2533 1031 2606 allusisse
1043 2533 1223 2606 dicendus.

170 2641 322 2712 Proinde
344 2664 386 2710 ex
409 2643 527 2713 cadem
550 2643 725 2732 analogia,
752 2649 788 2712 et
814 2642 995 2733 supposito
1023 2642 1225 2734 principatu

102 2751 214 2838 Petri,
241 2751 385 2844 ejusque
408 2752 446 2821 in
468 2753 563 2822 Urbe
591 2751 751 2822 stabilita
774 2751 951 2837 cathedra,
977 2771 1019 2820 ao
1041 2772 1151 2841 usque
1180 2752 1226 2821 ad

6 2843 8 2860 ¹
102 2859 238 2928 obitum
261 2860 478 2948 gubernata,
510 2859 637 2950 hisque
666 2859 825 2928 omnibus
856 2881 933 2928 cum
956 2858 1055 2928 modo
1078 2857 1160 2930 citis
1184 2879 1225 2926 ao

101 2965 310 3035 dilucidatis
333 2988 376 3034 ex
398 2967 516 3036 eadem
537 2967 699 3058 Epistola
721 2967 763 3034 de
788 2967 943 3036 Romana
967 2965 1128 3038 Ecclesia
1157 2965 1224 3035 col-

99 3074 200 3159 latis,
223 3073 466 3142 inconcussum
488 3074 651 3164 exsurgit
672 3073 765 3159 inde,
784 3075 931 3144 maxime
947 3096 1030 3144 vero
1053 3078 1244 3166 quatenus.

99 3181 320 3272 praedictum
342 3181 592 3251 Documentum
607 3203 628 3250 a
642 3182 676 3254 N
677 3183 863 3252 estorianis
878 3183 1052 3262 retinetur
1074 3203 1115 3250 ac
1130 3205 1222 3251 reco-

100 3291 204 3374 litur,
230 3310 294 3379 pro
315 3289 469 3378 ejusdem
491 3289 667 3361 Ecclesiae
691 3291 845 3381 primatu
869 3289 1063 3363 universali
1076 3289 1222 3380 jurisdi-

101 3397 232 3490 ctionis
253 3397 522 3487 Argumentum.

602 3640 634 3716 ἓ.
660 3632 729 3703 ΙΠ.

167 3831 211 3900 In
227 3829 347 3900 Officio
359 3837 547 3902 memorato
559 3830 688 3904 Divino
704 3831 966 3904 Dominicarum
983 3853 1023 3902 ac
1038 3831 1223 3904 Fastorum

6 3975 7 3980 1
100 3940 295 4025 mobilium,
321 3963 383 4030 pro
398 3941 495 4010 Anni
511 3940 662 4027 Circulo,
681 3963 784 4032 opera
806 3941 831 4010 J
832 3941 968 4032 esujabi
979 3940 1154 4031 Adjabeni
1170 3965 1223 4013 or-

6 4031 8 4062 *
99 4047 232 4132 dinato,
251 4046 289 4114 in
304 4047 569 4117 DominicaIII.
592 4047 889 4120 sanctificationis
906 4072 967 4119 seu
982 4035 1222 4120 Dedicationis

98 4152 303 4237 Ecclesiae,
332 4151 537 4244 Antiphone
568 4155 722 4225 canenda
751 4161 833 4225 ante
866 4162 1000 4247 partem
1036 4158 1220 4228 secundam

100 4254 215 4346 officii,
242 4281 330 4352 quae
354 4260 469 4331 Sessio
493 4261 636 4350 dicitur,
664 4261 716 4332 sic
739 4285 776 4332 se
798 4261 913 4334 habet:

1078 4404 1098 4463 3
