3036 4750
647 255 825 324 ...35-

173 387 350 455 Romanae
373 384 558 455 cathedrae
580 387 616 453 et
636 382 814 453 Ecclesiae
836 383 1009 474 primatu,
1035 389 1289 473 argumentum.

174 493 372 584 Eorundem
399 493 526 584 quippe
549 493 590 560 de
612 491 771 561 Ecclesia
800 492 956 560 Romana
986 491 1159 560 sentiendi
1189 499 1293 584 atque

175 600 334 672 credendi
356 601 465 686 ratio,
490 623 533 670 ex
557 601 711 690 ipsorum
740 604 908 690 perpetua
931 621 971 669 ac
995 600 1139 668 solemni
1170 599 1294 668 orandi

174 712 309 782 ratione
326 711 468 780 evidens
482 715 639 800 apparet.
656 709 766 794 Unde,
776 709 815 776 ni
827 701 976 778 velimus
989 729 1142 777 asserere
1156 730 1293 778 sacrum

173 817 479 909 hymnographum
502 823 538 886 et
560 817 759 887 universam
781 816 974 886 Ecclesiam
989 815 1205 885 chaldaicam
1220 817 1292 885 ine·

173 935 274 1020 ptum
292 926 388 1018 quid,
406 931 442 995 et
465 948 567 995 sensu
591 925 811 1009 destitutum,
826 925 910 995 adeo
934 923 1133 993 solemniter
1148 930 1292 1016 quotan-

173 1037 231 1105 nis
247 1034 432 1119 cantitare,
458 1033 510 1102 sic
533 1038 586 1103 est
612 1033 803 1124 antiphone
833 1033 898 1100 illa
928 1031 1160 1122 intelligenda
1190 1034 1292 1124 quasi

174 1145 363 1214 diceretur:
384 1141 543 1214 Ecclesia
565 1142 721 1210 Romana
742 1139 841 1210 Petri
864 1139 1064 1210 cathedram
1088 1129 1288 1230 possidens,

173 1253 253 1341 ejus
279 1251 413 1341 jurium
443 1250 566 1335 heres,
596 1251 814 1342 omniumque
844 1249 1081 1319 Ecolesiarum
1103 1249 1235 1318 Matrix
1257 1258 1293 1319 et

172 1360 288 1431 Mater
311 1360 495 1444 exsistens,
511 1358 579 1443 vel,
595 1359 685 1449 quod
707 1358 798 1427 idem
818 1363 882 1444 est,
893 1357 1019 1427 Petrus
1035 1357 1073 1425 in
1088 1379 1153 1426 sua
1168 1354 1292 1426 Cethe·

173 1471 239 1539 dra
258 1469 393 1554 vivens,
412 1467 615 1558 proclamat:
633 1466 826 1536 Ecclesiam
841 1487 944 1556 super
960 1487 995 1534 se
1011 1464 1184 1533 aChristo
1199 1465 1291 1533 aedi·
1399 1467 1401 1470 ’

173 1577 324 1660 ficatam,
344 1580 464 1666 utpote
486 1595 590 1664 super
602 1573 741 1642 Petram
765 1562 983 1656 immobilem,
1003 1570 1142 1640 minime
1159 1571 1291 1641 victum

174 1685 223 1754 iri
247 1707 268 1752 a
290 1683 408 1754 Portis
430 1682 564 1768 Inferi,
591 1704 653 1752 seu
683 1683 726 1750 ab
757 1680 832 1750 ulla
856 1685 1026 1771 potestate
1057 1679 1221 1765 inimica,
1252 1678 1290 1746 in

175 1792 315 1881 saecula
339 1791 567 1861 saeculorum.

239 1900 411 1984 Proiecto,
429 1899 494 1968 hoo
509 1898 619 1983 modo,
635 1903 710 1967 tum
726 1897 804 1987 ipsa
820 1897 926 1967 verba
938 1895 1287 1994 comprehenduntur,

173 2014 250 2078 tum
260 2006 429 2076 Auctoris
442 2027 565 2095 scopus
581 2004 787 2094 attingitur,
799 2009 873 2073 tum
885 2003 1069 2088 allusione,
1084 2025 1171 2094 quae
1183 2003 1292 2071 mani·

173 2118 267 2186 festa
275 2119 341 2200 est,
352 2115 435 2183 bene
447 2119 620 2204 percepta,
631 2113 729 2182 locus
738 2114 806 2182 iste
818 2117 854 2180 et
866 2135 943 2180 cum
956 2110 1095 2179 oraculo
1104 2109 1289 2195 Matthaei,

172 2230 209 2294 et
229 2247 307 2293 cum
323 2222 542 2292 solemnitate
557 2220 896 2291 commemorationis
910 2219 1088 2289 Ecclesiae
1099 2218 1291 2287 Fundatio-

124 2317 127 2322 ’
171 2332 229 2401 nis
241 2331 332 2422 (sive
347 2329 612 2417 Dedicationis),
628 2333 664 2398 et
687 2351 764 2398 cum
788 2328 908 2398 allatis
931 2327 1111 2417 parallelis
1126 2326 1213 2395 locis
1229 2326 1291 2394 mi·

170 2463 251 2509 rum
274 2439 312 2506 in
332 2439 468 2507 modum
491 2437 662 2522 cohaeret,
688 2459 730 2506 ex
754 2437 878 2528 hisque
900 2436 1059 2524 omnibus
1082 2434 1289 2524 explicatur.

172 2547 317 2617 Scilicet
329 2569 415 2638 pone
428 2545 616 2636 primatum
632 2543 811 2614 Ecclesiae
825 2545 923 2613 Rom.
932 2595 939 2629 ,
949 2537 1114 2634 Petrique
1130 2541 1293 2632 Apostoli

171 2655 386 2746 inejusdem
408 2655 598 2746 Episcopos
620 2655 841 2723 transfusum
867 2651 1122 2743 principatum,
1148 2655 1185 2718 et
1208 2649 1293 2718 haec

172 2764 288 2833 omnia
303 2764 430 2854 optime
454 2762 652 2833 consistunt
674 2768 710 2831 et
730 2760 995 2850 intelliguntur:
1018 2759 1132 2828 Aufer
1147 2756 1292 2829 eundem

171 2873 372 2962 primatum,
391 2877 426 2941 et
441 2894 518 2941 ecce
534 2871 648 2940 omnia
664 2871 809 2940 confusa
820 2874 857 2938 ct
869 2867 1165 2958 inintelligibilia.
1184 2864 1292 2958 Equi·
1358 2925 1361 2932 .

172 2981 248 3048 dem
262 2980 370 3069 juxta
392 2979 503 3047 allata
517 2978 730 3063 testimonia,
745 2979 783 3044 in
800 2978 974 3046 sententia
990 2974 1288 3059 Nestorianorum,

172 3109 317 3178 semper,
344 3091 380 3155 et
402 3085 515 3171 hodie,
537 3087 645 3154 Roma
661 3084 1004 3154 indefectibilitatem
1025 3089 1061 3152 et
1076 3081 1291 3172 triumphum

172 3195 228 3264 sui
251 3199 287 3264 et
301 3193 479 3263 Ecclesiae
496 3192 720 3277 universalis,
740 3215 844 3282 super
861 3213 976 3260 omnes
991 3191 1109 3259 hostes
1126 3195 1162 3258 et
1173 3189 1291 3257 haere·

174 3323 239 3385 ses,
252 3299 291 3370 vi
307 3299 422 3369 div-ini
438 3299 582 3384 oraculi,
603 3297 974 3388 fidenterproclamat:
990 3318 1123 3385 semper
1139 3301 1175 3363 et
1189 3295 1291 3363 hodie

172 3431 208 3477 se
217 3407 407 3498 possidere,
419 3424 482 3476 oeu
495 3407 647 3496 inportu
660 3405 861 3475 securitatis
872 3405 986 3496 ipsum
995 3405 1037 3473 B.
1046 3405 1188 3473 Petrum
1199 3402 1290 3492 ejus·

172 3537 238 3608 que
250 3512 459 3582 Cathedram
475 3512 661 3598 Veritatis,
681 3533 900 3604 superquam
914 3508 1290 3580 aedificataestEcole-

171 3622 236 3706 sia,
255 3643 333 3689 cum
353 3621 495 3710 juribus
511 3621 664 3710 ejusdem
680 3621 718 3690 in
733 3627 936 3712 perpetuum
960 3641 981 3687 a
1003 3619 1143 3688 Christo
1159 3639 1291 3686 eonces-

172 3730 235 3815 sis,
253 3728 437 3798 humiliter
451 3729 649 3819 profitetur:
669 3751 813 3821 semper,
833 3735 869 3798 et
883 3727 985 3796 hodie
1000 3731 1056 3797 est
1071 3725 1292 3795 celeberrima

170 3843 206 3906 ct
229 3836 570 3928 perbeata,adeoque
593 3838 636 3906 ab
659 3837 752 3906 omni
774 3858 883 3907 naevo
907 3843 943 3904 et
965 3855 1081 3920 errore
1104 3833 1288 3902 immunis:

170 3965 327 4033 semper,
353 3949 389 4012 et
419 3942 521 4012 hodie
544 3943 649 4012 etiam
681 3951 734 4013 est
756 3943 900 4014 Ancilla
927 3937 1107 4012 carissima
1130 3940 1287 4027 Christi,

169 4052 292 4142 utique
314 4051 518 4120 fidelissima
540 4057 576 4120 et
596 4056 698 4136 ,tanto
712 4051 870 4138 Domino,
885 4051 942 4122 vel
957 4050 1074 4143 potius
1092 4049 1224 4139 Sponsa
1238 4048 1289 4119 di·
1398 4115 1400 4120 .

169 4158 353 4250 gnissima.
369 4159 464 4229 Haec
487 4160 540 4229 ita
562 4166 657 4230 sunt.
671 4161 783 4253 Atqui
805 4160 843 4229 in
865 4160 1016 4230 absurda
1031 4158 1208 4228 Primatus
1222 4157 1288 4225 Ro-

169 4287 292 4338 manae
315 4266 416 4339 Sedis
440 4266 659 4340 inimicorum
682 4267 882 4361 hypothesi,
907 4291 976 4338 non
999 4267 1063 4336 illa
1087 4272 1189 4350 esset,
1215 4263 1289 4334 ullo

1152 4373 1169 4408 ἡ
