<?xml version="1.0" encoding="UTF-8"?>
<!DOCTYPE html PUBLIC "-//W3C//DTD XHTML 1.0 Transitional//EN"
    "http://www.w3.org/TR/xhtml1/DTD/xhtml1-transitional.dtd">
<html xmlns="http://www.w3.org/1999/xhtml" xml:lang="en" lang="en">
 <head>
  <title>
</title>
<meta http-equiv="Content-Type" content="text/html;charset=utf-8" />
  <meta name='ocr-system' content='tesseract 3.04.00' />
  <meta name='ocr-capabilities' content='ocr_page ocr_carea ocr_par ocr_line ocrx_word'/>
</head>
<body>
  <div class='ocr_page' id='page_1' title='image "./syriorientaless00khaygoog_0096.png"; bbox 0 0 3056 4756; ppageno 0'>
   <div class='ocr_carea' id='block_1_1' title="bbox 622 247 799 328">
    <p class='ocr_par' dir='ltr' id='par_1_1' title="bbox 622 247 799 328">
     <span class='ocr_line' id='line_1_1' title="bbox 622 247 799 328; baseline 0 -17"><span class='ocrx_word' id='word_1_1' title='bbox 622 247 799 328; x_wconf 36' lang='lat' dir='ltr'>-ref</span> 
     </span>
    </p>
   </div>
   <div class='ocr_carea' id='block_1_2' title="bbox 151 371 1267 460">
    <p class='ocr_par' dir='ltr' id='par_1_2' title="bbox 151 371 1267 460">
     <span class='ocr_line' id='line_1_2' title="bbox 151 371 1267 460; baseline 0.003 -23"><span class='ocrx_word' id='word_1_2' title='bbox 151 378 220 437; x_wconf 90' lang='lat' dir='ltr'>tem</span> <span class='ocrx_word' id='word_1_3' title='bbox 254 376 290 439; x_wconf 90' lang='lat' dir='ltr'>et</span> <span class='ocrx_word' id='word_1_4' title='bbox 312 373 437 440; x_wconf 92' lang='lat' dir='ltr'>bonum</span> <span class='ocrx_word' id='word_1_5' title='bbox 466 371 622 460; x_wconf 85' lang='lat' dir='ltr'>regimen</span> <span class='ocrx_word' id='word_1_6' title='bbox 653 373 847 439; x_wconf 88' lang='lat' dir='ltr'>animarum</span> <span class='ocrx_word' id='word_1_7' title='bbox 877 371 1063 460; x_wconf 82' lang='lat' dir='ltr'><strong>spirituale</strong></span> <span class='ocrx_word' id='word_1_8' title='bbox 1093 373 1267 459; x_wconf 81' lang='lat' dir='ltr'>conferat3</span> 
     </span>
    </p>
   </div>
   <div class='ocr_carea' id='block_1_3' title="bbox 149 481 1272 2174">
    <p class='ocr_par' dir='ltr' id='par_1_3' title="bbox 151 481 1272 874">
     <span class='ocr_line' id='line_1_3' title="bbox 152 481 1270 571; baseline 0.002 -23"><span class='ocrx_word' id='word_1_9' title='bbox 152 481 243 570; x_wconf 91' lang='lat' dir='ltr'>qnod</span> <span class='ocrx_word' id='word_1_10' title='bbox 269 488 325 550; x_wconf 89' lang='lat' dir='ltr'>est</span> <span class='ocrx_word' id='word_1_11' title='bbox 354 481 509 571; x_wconf 90' lang='lat' dir='ltr'>praecise</span> <span class='ocrx_word' id='word_1_12' title='bbox 539 482 576 548; x_wconf 93' lang='lat' dir='ltr'>in</span> <span class='ocrx_word' id='word_1_13' title='bbox 599 481 824 550; x_wconf 88' lang='lat' dir='ltr'>discernendo</span> <span class='ocrx_word' id='word_1_14' title='bbox 849 504 931 552; x_wconf 89' lang='lat' dir='ltr'>vero</span> <span class='ocrx_word' id='word_1_15' title='bbox 954 504 976 549; x_wconf 91' lang='lat' dir='ltr'>a</span> <span class='ocrx_word' id='word_1_16' title='bbox 999 483 1107 567; x_wconf 85' lang='lat' dir='ltr'>falso,</span> <span class='ocrx_word' id='word_1_17' title='bbox 1134 483 1170 550; x_wconf 92' lang='lat' dir='ltr'>in</span> <span class='ocrx_word' id='word_1_18' title='bbox 1197 506 1270 571; x_wconf 83' lang='lat' dir='ltr'>pro</span> 
     </span>
     <span class='ocr_line' id='line_1_4' title="bbox 151 588 1272 674; baseline 0.003 -20"><span class='ocrx_word' id='word_1_19' title='bbox 151 588 343 656; x_wconf 80' lang='lat' dir='ltr'>scribendis</span> <span class='ocrx_word' id='word_1_20' title='bbox 366 591 519 658; x_wconf 85' lang='lat' dir='ltr'>erroneis</span> <span class='ocrx_word' id='word_1_21' title='bbox 543 589 724 674; x_wconf 79' lang='lat' dir='ltr'>doctrinis,</span> <span class='ocrx_word' id='word_1_22' title='bbox 751 589 787 655; x_wconf 93' lang='lat' dir='ltr'>in</span> <span class='ocrx_word' id='word_1_23' title='bbox 812 589 1022 658; x_wconf 87' lang='lat' dir='ltr'>ostendenda</span> <span class='ocrx_word' id='word_1_24' title='bbox 1043 597 1151 674; x_wconf 84' lang='lat' dir='ltr'>recte,</span> <span class='ocrx_word' id='word_1_25' title='bbox 1178 590 1272 659; x_wconf 90' lang='lat' dir='ltr'>circa</span> 
     </span>
     <span class='ocr_line' id='line_1_5' title="bbox 151 695 1270 782; baseline 0.004 -21"><span class='ocrx_word' id='word_1_26' title='bbox 151 695 253 764; x_wconf 89' lang='lat' dir='ltr'>fidem</span> <span class='ocrx_word' id='word_1_27' title='bbox 275 702 312 764; x_wconf 90' lang='lat' dir='ltr'>et</span> <span class='ocrx_word' id='word_1_28' title='bbox 334 699 590 782; x_wconf 86' lang='lat' dir='ltr'>conscientiam,</span> <span class='ocrx_word' id='word_1_29' title='bbox 609 699 794 766; x_wconf 87' lang='lat' dir='ltr'>sententia.</span> <span class='ocrx_word' id='word_1_30' title='bbox 819 699 912 768; x_wconf 87' lang='lat' dir='ltr'>Haec</span> <span class='ocrx_word' id='word_1_31' title='bbox 933 707 1047 767; x_wconf 88' lang='lat' dir='ltr'>autem</span> <span class='ocrx_word' id='word_1_32' title='bbox 1064 701 1138 767; x_wconf 91' lang='lat' dir='ltr'>sine</span> <span class='ocrx_word' id='word_1_33' title='bbox 1154 706 1270 767; x_wconf 90' lang='lat' dir='ltr'>aucto-</span> 
     </span>
     <span class='ocr_line' id='line_1_6' title="bbox 151 802 865 874; baseline 0.008 -6"><span class='ocrx_word' id='word_1_34' title='bbox 151 802 257 871; x_wconf 88' lang='lat' dir='ltr'>ritate</span> <span class='ocrx_word' id='word_1_35' title='bbox 273 805 403 874; x_wconf 90' lang='lat' dir='ltr'>erroris</span> <span class='ocrx_word' id='word_1_36' title='bbox 427 807 542 874; x_wconf 89' lang='lat' dir='ltr'>nescia</span> <span class='ocrx_word' id='word_1_37' title='bbox 565 828 632 874; x_wconf 90' lang='lat' dir='ltr'>non</span> <span class='ocrx_word' id='word_1_38' title='bbox 657 805 865 874; x_wconf 90' lang='lat' dir='ltr'>consistunt.</span> 
     </span>
    </p>

    <p class='ocr_par' dir='ltr' id='par_1_4' title="bbox 150 911 1270 1536">
     <span class='ocr_line' id='line_1_7' title="bbox 217 911 1267 1001; baseline 0.003 -24"><span class='ocrx_word' id='word_1_39' title='bbox 217 911 251 978; x_wconf 82' lang='grc' dir='ltr'>ὅ.</span> <span class='ocrx_word' id='word_1_40' title='bbox 276 911 381 981; x_wconf 89' lang='lat' dir='ltr'>Petro</span> <span class='ocrx_word' id='word_1_41' title='bbox 404 912 559 981; x_wconf 89' lang='lat' dir='ltr'>creditus</span> <span class='ocrx_word' id='word_1_42' title='bbox 582 913 653 981; x_wconf 83' lang='lat' dir='ltr'>fuit</span> <span class='ocrx_word' id='word_1_43' title='bbox 679 919 776 982; x_wconf 87' lang='lat' dir='ltr'>totus</span> <span class='ocrx_word' id='word_1_44' title='bbox 799 911 934 981; x_wconf 77' lang='lat' dir='ltr'>Christi</span> <span class='ocrx_word' id='word_1_45' title='bbox 951 912 1044 981; x_wconf 82' lang='lat' dir='ltr'>Grex</span> <span class='ocrx_word' id='word_1_46' title='bbox 1062 913 1267 1001; x_wconf 88' lang='lat' dir='ltr'>pascendus.</span> 
     </span>
     <span class='ocr_line' id='line_1_8' title="bbox 150 1017 1270 1110; baseline 0.003 -26"><span class='ocrx_word' id='word_1_47' title='bbox 150 1017 240 1086; x_wconf 92' lang='lat' dir='ltr'>Boni</span> <span class='ocrx_word' id='word_1_48' title='bbox 273 1025 388 1086; x_wconf 88' lang='lat' dir='ltr'>antem</span> <span class='ocrx_word' id='word_1_49' title='bbox 411 1020 568 1087; x_wconf 76' lang='lat' dir='ltr'>Pastoris</span> <span class='ocrx_word' id='word_1_50' title='bbox 590 1027 644 1089; x_wconf 89' lang='lat' dir='ltr'>est</span> <span class='ocrx_word' id='word_1_51' title='bbox 667 1020 816 1109; x_wconf 90' lang='lat' dir='ltr'>primum</span> <span class='ocrx_word' id='word_1_52' title='bbox 840 1043 964 1088; x_wconf 89' lang='lat' dir='ltr'>munus</span> <span class='ocrx_word' id='word_1_53' title='bbox 987 1020 1173 1110; x_wconf 89' lang='lat' dir='ltr'>praebendi</span> <span class='ocrx_word' id='word_1_54' title='bbox 1199 1021 1270 1087; x_wconf 90' lang='lat' dir='ltr'>ovi·</span> 
     </span>
     <span class='ocr_line' id='line_1_9' title="bbox 151 1125 1269 1222; baseline 0.001 -31"><span class='ocrx_word' id='word_1_55' title='bbox 151 1125 215 1192; x_wconf 89' lang='lat' dir='ltr'>bus</span> <span class='ocrx_word' id='word_1_56' title='bbox 238 1147 368 1214; x_wconf 88' lang='lat' dir='ltr'>pascua</span> <span class='ocrx_word' id='word_1_57' title='bbox 390 1146 495 1222; x_wconf 84' lang='lat' dir='ltr'>sana,¹</span> <span class='ocrx_word' id='word_1_58' title='bbox 519 1132 556 1194; x_wconf 87' lang='lat' dir='ltr'>et</span> <span class='ocrx_word' id='word_1_59' title='bbox 577 1128 759 1196; x_wconf 90' lang='lat' dir='ltr'>avertendi</span> <span class='ocrx_word' id='word_1_60' title='bbox 785 1126 868 1212; x_wconf 87' lang='lat' dir='ltr'>illas</span> <span class='ocrx_word' id='word_1_61' title='bbox 891 1149 912 1192; x_wconf 91' lang='lat' dir='ltr'>a</span> <span class='ocrx_word' id='word_1_62' title='bbox 931 1127 1125 1216; x_wconf 82' lang='lat' dir='ltr'>pestiferis:</span> <span class='ocrx_word' id='word_1_63' title='bbox 1152 1148 1269 1194; x_wconf 88' lang='lat' dir='ltr'>sanam</span> 
     </span>
     <span class='ocr_line' id='line_1_10' title="bbox 150 1233 1270 1322; baseline 0.002 -24"><span class='ocrx_word' id='word_1_64' title='bbox 150 1233 263 1322; x_wconf 84' lang='lat' dir='ltr'>igitur</span> <span class='ocrx_word' id='word_1_65' title='bbox 286 1233 478 1301; x_wconf 90' lang='lat' dir='ltr'>doctrinam</span> <span class='ocrx_word' id='word_1_66' title='bbox 494 1234 538 1301; x_wconf 89' lang='lat' dir='ltr'>ab</span> <span class='ocrx_word' id='word_1_67' title='bbox 554 1255 696 1302; x_wconf 89' lang='lat' dir='ltr'>erronea</span> <span class='ocrx_word' id='word_1_68' title='bbox 712 1233 918 1318; x_wconf 88' lang='lat' dir='ltr'>discernere,</span> <span class='ocrx_word' id='word_1_69' title='bbox 937 1239 973 1302; x_wconf 90' lang='lat' dir='ltr'>et</span> <span class='ocrx_word' id='word_1_70' title='bbox 988 1234 1161 1316; x_wconf 88' lang='lat' dir='ltr'>exhibere,</span> <span class='ocrx_word' id='word_1_71' title='bbox 1172 1233 1270 1302; x_wconf 90' lang='lat' dir='ltr'>Petri</span> 
     </span>
     <span class='ocr_line' id='line_1_11' title="bbox 151 1339 1268 1433; baseline 0.004 -28"><span class='ocrx_word' id='word_1_72' title='bbox 151 1339 236 1426; x_wconf 79' lang='lat' dir='ltr'>fnit3</span> <span class='ocrx_word' id='word_1_73' title='bbox 255 1339 345 1431; x_wconf 88' lang='lat' dir='ltr'>quod</span> <span class='ocrx_word' id='word_1_74' title='bbox 362 1340 436 1408; x_wconf 88' lang='lat' dir='ltr'>sine</span> <span class='ocrx_word' id='word_1_75' title='bbox 457 1341 659 1429; x_wconf 81' lang='lat' dir='ltr'>magisterio</span> <span class='ocrx_word' id='word_1_76' title='bbox 674 1341 804 1409; x_wconf 91' lang='lat' dir='ltr'>erroris</span> <span class='ocrx_word' id='word_1_77' title='bbox 817 1342 963 1410; x_wconf 89' lang='lat' dir='ltr'>immuni</span> <span class='ocrx_word' id='word_1_78' title='bbox 978 1342 1132 1411; x_wconf 80' lang='lat' dir='ltr'>exerceri</span> <span class='ocrx_word' id='word_1_79' title='bbox 1143 1364 1268 1433; x_wconf 92' lang='lat' dir='ltr'>nequa-</span> 
     </span>
     <span class='ocr_line' id='line_1_12' title="bbox 151 1451 403 1536; baseline 0.004 -23"><span class='ocrx_word' id='word_1_80' title='bbox 151 1467 255 1536; x_wconf 90' lang='lat' dir='ltr'>quam</span> <span class='ocrx_word' id='word_1_81' title='bbox 277 1451 403 1535; x_wconf 85' lang='lat' dir='ltr'>potest.</span> 
     </span>
    </p>

    <p class='ocr_par' dir='ltr' id='par_1_5' title="bbox 149 1552 1269 2174">
     <span class='ocr_line' id='line_1_13' title="bbox 218 1552 1268 1642; baseline 0.003 -23"><span class='ocrx_word' id='word_1_82' title='bbox 218 1552 251 1622; x_wconf 88' lang='grc'>6,</span> <span class='ocrx_word' id='word_1_83' title='bbox 278 1555 405 1622; x_wconf 88' lang='lat' dir='ltr'>Petrus</span> <span class='ocrx_word' id='word_1_84' title='bbox 425 1554 547 1642; x_wconf 85' lang='lat' dir='ltr'>jussus</span> <span class='ocrx_word' id='word_1_85' title='bbox 569 1575 590 1620; x_wconf 90' lang='lat' dir='ltr'>a</span> <span class='ocrx_word' id='word_1_86' title='bbox 613 1552 753 1622; x_wconf 85' lang='lat' dir='ltr'>Christo</span> <span class='ocrx_word' id='word_1_87' title='bbox 776 1555 922 1622; x_wconf 91' lang='lat' dir='ltr'>Domino</span> <span class='ocrx_word' id='word_1_88' title='bbox 946 1555 1029 1638; x_wconf 86' lang='lat' dir='ltr'>init,</span> <span class='ocrx_word' id='word_1_89' title='bbox 1055 1560 1106 1637; x_wconf 91' lang='lat' dir='ltr'>ut,</span> <span class='ocrx_word' id='word_1_90' title='bbox 1126 1577 1268 1623; x_wconf 91' lang='lat' dir='ltr'>commo-</span> 
     </span>
     <span class='ocr_line' id='line_1_14' title="bbox 149 1660 1267 1754; baseline 0.002 -28"><span class='ocrx_word' id='word_1_91' title='bbox 149 1660 199 1726; x_wconf 86' lang='lat' dir='ltr'>tis</span> <span class='ocrx_word' id='word_1_92' title='bbox 214 1661 402 1744; x_wconf 88' lang='lat' dir='ltr'>scandalis,</span> <span class='ocrx_word' id='word_1_93' title='bbox 417 1667 454 1730; x_wconf 92' lang='lat' dir='ltr'>et</span> <span class='ocrx_word' id='word_1_94' title='bbox 466 1662 641 1730; x_wconf 89' lang='lat' dir='ltr'>concussis</span> <span class='ocrx_word' id='word_1_95' title='bbox 653 1661 831 1732; x_wconf 81' lang='lat' dir='ltr'>Ecclesiae</span> <span class='ocrx_word' id='word_1_96' title='bbox 844 1664 1054 1746; x_wconf 87' lang='lat' dir='ltr'>doctoribus,</span> <span class='ocrx_word' id='word_1_97' title='bbox 1069 1663 1267 1754; x_wconf 88' lang='lat' dir='ltr'>aliquando,</span> 
     </span>
     <span class='ocr_line' id='line_1_15' title="bbox 150 1767 1269 1860; baseline 0.003 -27"><span class='ocrx_word' id='word_1_98' title='bbox 150 1767 237 1856; x_wconf 91' lang='lat' dir='ltr'>ipse,</span> <span class='ocrx_word' id='word_1_99' title='bbox 248 1767 305 1836; x_wconf 92' lang='lat' dir='ltr'>cui</span> <span class='ocrx_word' id='word_1_100' title='bbox 314 1769 440 1836; x_wconf 88' lang='lat' dir='ltr'>Pastor</span> <span class='ocrx_word' id='word_1_101' title='bbox 456 1776 618 1838; x_wconf 88' lang='lat' dir='ltr'>aeternus</span> <span class='ocrx_word' id='word_1_102' title='bbox 631 1770 811 1860; x_wconf 90' lang='lat' dir='ltr'>pollicitus</span> <span class='ocrx_word' id='word_1_103' title='bbox 827 1777 880 1838; x_wconf 90' lang='lat' dir='ltr'>est</span> <span class='ocrx_word' id='word_1_104' title='bbox 895 1769 1147 1858; x_wconf 86' lang='lat' dir='ltr'>plenitudinem</span> <span class='ocrx_word' id='word_1_105' title='bbox 1161 1777 1196 1837; x_wconf 94' lang='lat' dir='ltr'>et</span> <span class='ocrx_word' id='word_1_106' title='bbox 1207 1770 1269 1836; x_wconf 92' lang='lat' dir='ltr'>im·</span> 
     </span>
     <span class='ocr_line' id='line_1_16' title="bbox 150 1874 1267 1966; baseline 0.002 -26"><span class='ocrx_word' id='word_1_107' title='bbox 150 1874 378 1944; x_wconf 79' lang='lat' dir='ltr'>mobilitatem</span> <span class='ocrx_word' id='word_1_108' title='bbox 392 1876 505 1960; x_wconf 84' lang='lat' dir='ltr'>Fidei,</span> <span class='ocrx_word' id='word_1_109' title='bbox 521 1899 585 1945; x_wconf 88' lang='lat' dir='ltr'>sua</span> <span class='ocrx_word' id='word_1_110' title='bbox 597 1877 686 1962; x_wconf 88' lang='lat' dir='ltr'>vice,</span> <span class='ocrx_word' id='word_1_111' title='bbox 698 1883 892 1966; x_wconf 88' lang='lat' dir='ltr'>opportuno</span> <span class='ocrx_word' id='word_1_112' title='bbox 906 1900 1025 1966; x_wconf 89' lang='lat' dir='ltr'>nempe</span> <span class='ocrx_word' id='word_1_113' title='bbox 1037 1884 1189 1966; x_wconf 86' lang='lat' dir='ltr'>tempore</span> <span class='ocrx_word' id='word_1_114' title='bbox 1205 1877 1267 1963; x_wconf 89' lang='grc'>(1),</span> 
     </span>
     <span class='ocr_line' id='line_1_17' title="bbox 150 1981 1269 2073; baseline 0.004 -27"><span class='ocrx_word' id='word_1_115' title='bbox 150 1981 281 2049; x_wconf 85' lang='lat' dir='ltr'>iratres</span> <span class='ocrx_word' id='word_1_116' title='bbox 311 2005 391 2052; x_wconf 86' lang='lat' dir='ltr'>suos</span> <span class='ocrx_word' id='word_1_117' title='bbox 422 1984 662 2070; x_wconf 88' lang='lat' dir='ltr'>confirmaret;</span> <span class='ocrx_word' id='word_1_118' title='bbox 689 1983 796 2073; x_wconf 89' lang='lat' dir='ltr'>quod,</span> <span class='ocrx_word' id='word_1_119' title='bbox 823 2007 928 2073; x_wconf 90' lang='lat' dir='ltr'>quum</span> <span class='ocrx_word' id='word_1_120' title='bbox 959 2005 1001 2050; x_wconf 86' lang='lat' dir='ltr'>ex</span> <span class='ocrx_word' id='word_1_121' title='bbox 1031 1983 1106 2072; x_wconf 87' lang='lat' dir='ltr'>ipso</span> <span class='ocrx_word' id='word_1_122' title='bbox 1136 1981 1269 2050; x_wconf 81' lang='lat' dir='ltr'>Christi</span> 
     </span>
     <span class='ocr_line' id='line_1_18' title="bbox 149 2090 1266 2174; baseline 0.001 -19"><span class='ocrx_word' id='word_1_123' title='bbox 149 2091 267 2174; x_wconf 85' lang='lat' dir='ltr'>verbo,</span> <span class='ocrx_word' id='word_1_124' title='bbox 294 2096 329 2158; x_wconf 91' lang='lat' dir='ltr'>et</span> <span class='ocrx_word' id='word_1_125' title='bbox 351 2113 393 2158; x_wconf 84' lang='lat' dir='ltr'>ex</span> <span class='ocrx_word' id='word_1_126' title='bbox 417 2096 546 2160; x_wconf 88' lang='lat' dir='ltr'>natura</span> <span class='ocrx_word' id='word_1_127' title='bbox 569 2091 723 2159; x_wconf 87' lang='lat' dir='ltr'>muneris</span> <span class='ocrx_word' id='word_1_128' title='bbox 746 2090 813 2159; x_wconf 93' lang='lat' dir='ltr'>sibi</span> <span class='ocrx_word' id='word_1_129' title='bbox 838 2090 1026 2174; x_wconf 86' lang='lat' dir='ltr'>commissi,</span> <span class='ocrx_word' id='word_1_130' title='bbox 1052 2090 1126 2157; x_wconf 87' lang='lat' dir='ltr'>sine</span> <span class='ocrx_word' id='word_1_131' title='bbox 1149 2093 1266 2158; x_wconf 88' lang='lat' dir='ltr'>ancto-</span> 
     </span>
    </p>
   </div>
   <div class='ocr_carea' id='block_1_4' title="bbox 149 2375 1269 2541">
    <p class='ocr_par' dir='ltr' id='par_1_6' title="bbox 149 2375 1269 2541">
     <span class='ocr_line' id='line_1_19' title="bbox 220 2375 1269 2455; baseline 0 -23"><span class='ocrx_word' id='word_1_132' title='bbox 220 2375 263 2455; x_wconf 92' lang='lat'>(1)</span> <span class='ocrx_word' id='word_1_133' title='bbox 283 2383 395 2436; x_wconf 77' lang='lat' dir='ltr'>Etenim</span> <span class='ocrx_word' id='word_1_134' title='bbox 413 2385 445 2436; x_wconf 87' lang='lat' dir='ltr'>in</span> <span class='ocrx_word' id='word_1_135' title='bbox 463 2385 564 2450; x_wconf 74' lang='lat' dir='ltr'>lingua</span> <span class='ocrx_word' id='word_1_136' title='bbox 582 2385 694 2450; x_wconf 83' lang='lat' dir='ltr'>syriaca</span> <span class='ocrx_word' id='word_1_137' title='bbox 719 2384 781 2436; x_wconf 83' lang='lat' dir='ltr'>eive</span> <span class='ocrx_word' id='word_1_138' title='bbox 801 2381 964 2447; x_wconf 85' lang='lat' dir='ltr'>chaldaica,</span> <span class='ocrx_word' id='word_1_139' title='bbox 986 2381 1066 2448; x_wconf 86' lang='lat' dir='ltr'>cujus</span> <span class='ocrx_word' id='word_1_140' title='bbox 1086 2378 1209 2433; x_wconf 88' lang='lat' dir='ltr'>dialecto</span> <span class='ocrx_word' id='word_1_141' title='bbox 1230 2382 1269 2432; x_wconf 90' lang='lat' dir='ltr'>lc·</span> 
     </span>
     <span class='ocr_line' id='line_1_20' title="bbox 149 2471 1269 2541; baseline -0.002 -17"><span class='ocrx_word' id='word_1_142' title='bbox 149 2473 292 2539; x_wconf 87' lang='lat' dir='ltr'>quebatur</span> <span class='ocrx_word' id='word_1_143' title='bbox 309 2474 442 2527; x_wconf 76' lang='lat' dir='ltr'>christus</span> <span class='ocrx_word' id='word_1_144' title='bbox 452 2514 459 2541; x_wconf 95' lang='lat'>,</span> <span class='ocrx_word' id='word_1_145' title='bbox 480 2475 567 2528; x_wconf 88' lang='lat' dir='ltr'>sicuti</span> <span class='ocrx_word' id='word_1_146' title='bbox 586 2479 615 2528; x_wconf 93' lang='lat' dir='ltr'>et</span> <span class='ocrx_word' id='word_1_147' title='bbox 631 2478 695 2527; x_wconf 88' lang='lat' dir='ltr'>tota</span> <span class='ocrx_word' id='word_1_148' title='bbox 713 2473 891 2538; x_wconf 85' lang='lat' dir='ltr'>Palaestina,</span> <span class='ocrx_word' id='word_1_149' title='bbox 914 2472 1028 2525; x_wconf 86' lang='lat' dir='ltr'>verbum</span> <span class='ocrx_word' id='word_1_150' title='bbox 1047 2471 1078 2522; x_wconf 92' lang='lat' dir='ltr'>in</span> <span class='ocrx_word' id='word_1_151' title='bbox 1097 2471 1269 2537; x_wconf 87' lang='lat' dir='ltr'>imperativo</span> 
     </span>
    </p>
   </div>
   <div class='ocr_carea' id='block_1_5' title="bbox 148 2565 1270 2652">
    <p class='ocr_par' dir='ltr' id='par_1_7' title="bbox 148 2565 1270 2652">
     <span class='ocr_line' id='line_1_21' title="bbox 148 2565 1270 2652; baseline -0.004 -18"><span class='ocrx_word' id='word_1_152' title='bbox 148 2565 278 2652; x_wconf 56' lang='lat' dir='ltr'>emal</span> <span class='ocrx_word' id='word_1_153' title='bbox 309 2590 476 2648; x_wconf 70' lang='lat' dir='ltr'>coenatore,</span> <span class='ocrx_word' id='word_1_154' title='bbox 486 2581 561 2650; x_wconf 86' lang='lat' dir='ltr'>quod</span> <span class='ocrx_word' id='word_1_155' title='bbox 577 2577 612 2636; x_wconf 71' lang='lat' dir='ltr'>ui</span> <span class='ocrx_word' id='word_1_156' title='bbox 623 2581 919 2644; x_wconf 75' lang='lat' dir='ltr'>ecaeermaVulgatae</span> <span class='ocrx_word' id='word_1_157' title='bbox 930 2579 1051 2631; x_wconf 80' lang='lat' dir='ltr'>Latinae</span> <span class='ocrx_word' id='word_1_158' title='bbox 1064 2577 1226 2644; x_wconf 84' lang='lat' dir='ltr'>respondet,</span> <span class='ocrx_word' id='word_1_159' title='bbox 1239 2578 1270 2630; x_wconf 89' lang='lat' dir='ltr'>in</span> 
     </span>
    </p>
   </div>
   <div class='ocr_carea' id='block_1_6' title="bbox 148 2703 1271 3049">
    <p class='ocr_par' dir='ltr' id='par_1_8' title="bbox 148 2703 1271 3049">
     <span class='ocr_line' id='line_1_22' title="bbox 149 2703 1271 2778; baseline -0.007 -14"><span class='ocrx_word' id='word_1_160' title='bbox 149 2710 242 2764; x_wconf 84' lang='lat' dir='ltr'>simili</span> <span class='ocrx_word' id='word_1_161' title='bbox 262 2710 399 2777; x_wconf 86' lang='lat' dir='ltr'>loquendi</span> <span class='ocrx_word' id='word_1_162' title='bbox 418 2712 547 2778; x_wconf 85' lang='lat' dir='ltr'>ratione,</span> <span class='ocrx_word' id='word_1_163' title='bbox 568 2725 624 2762; x_wconf 91' lang='lat' dir='ltr'>non</span> <span class='ocrx_word' id='word_1_164' title='bbox 644 2710 857 2763; x_wconf 82' lang='lat' dir='ltr'>conversionem</span> <span class='ocrx_word' id='word_1_165' title='bbox 876 2705 1020 2773; x_wconf 75' lang='lat' dir='ltr'>significat</span> <span class='ocrx_word' id='word_1_166' title='bbox 1038 2703 1087 2758; x_wconf 89' lang='lat' dir='ltr'>sed</span> <span class='ocrx_word' id='word_1_167' title='bbox 1106 2705 1271 2770; x_wconf 78' lang='lat' dir='ltr'>aequivalet</span> 
     </span>
     <span class='ocr_line' id='line_1_23' title="bbox 149 2789 1270 2868; baseline -0.006 -15"><span class='ocrx_word' id='word_1_168' title='bbox 149 2801 265 2854; x_wconf 83' lang='lat' dir='ltr'>vocibus</span> <span class='ocrx_word' id='word_1_169' title='bbox 284 2808 335 2853; x_wconf 78' lang='lat' dir='ltr'>tuo</span> <span class='ocrx_word' id='word_1_170' title='bbox 353 2789 421 2864; x_wconf 82' lang='lat' dir='ltr'>oica,</span> <span class='ocrx_word' id='word_1_171' title='bbox 442 2809 561 2866; x_wconf 74' lang='lat' dir='ltr'>ternpore</span> <span class='ocrx_word' id='word_1_172' title='bbox 579 2807 747 2868; x_wconf 66' lang='lat' dir='ltr'>opportuno:</span> <span class='ocrx_word' id='word_1_173' title='bbox 767 2799 835 2850; x_wconf 80' lang='lat' dir='ltr'>cito:</span> <span class='ocrx_word' id='word_1_174' title='bbox 855 2797 916 2850; x_wconf 75' lang='lat' dir='ltr'>siae</span> <span class='ocrx_word' id='word_1_175' title='bbox 937 2794 1118 2848; x_wconf 76' lang='lat' dir='ltr'>cunctatione</span> <span class='ocrx_word' id='word_1_176' title='bbox 1125 2833 1133 2858; x_wconf 97' lang='lat'>,</span> <span class='ocrx_word' id='word_1_177' title='bbox 1155 2797 1184 2846; x_wconf 89' lang='lat' dir='ltr'>et</span> <span class='ocrx_word' id='word_1_178' title='bbox 1202 2795 1270 2847; x_wconf 90' lang='lat' dir='ltr'>aliis</span> 
     </span>
     <span class='ocr_line' id='line_1_24' title="bbox 148 2885 1269 2961; baseline -0.007 -17"><span class='ocrx_word' id='word_1_179' title='bbox 148 2891 323 2961; x_wconf 85' lang='lat' dir='ltr'>hujusmodi.</span> <span class='ocrx_word' id='word_1_180' title='bbox 344 2890 386 2959; x_wconf 89' lang='lat' dir='ltr'>ld,</span> <span class='ocrx_word' id='word_1_181' title='bbox 402 2891 477 2958; x_wconf 89' lang='lat' dir='ltr'>quod</span> <span class='ocrx_word' id='word_1_182' title='bbox 489 2891 521 2944; x_wconf 88' lang='lat' dir='ltr'>in</span> <span class='ocrx_word' id='word_1_183' title='bbox 535 2891 644 2956; x_wconf 77' lang='lat' dir='ltr'>linguis</span> <span class='ocrx_word' id='word_1_184' title='bbox 664 2890 803 2943; x_wconf 87' lang='lat' dir='ltr'>semiticis</span> <span class='ocrx_word' id='word_1_185' title='bbox 822 2903 964 2941; x_wconf 89' lang='lat' dir='ltr'>commune</span> <span class='ocrx_word' id='word_1_186' title='bbox 983 2888 1036 2951; x_wconf 90' lang='lat' dir='ltr'>est,</span> <span class='ocrx_word' id='word_1_187' title='bbox 1059 2887 1089 2936; x_wconf 90' lang='lat' dir='ltr'>et</span> <span class='ocrx_word' id='word_1_188' title='bbox 1106 2899 1216 2950; x_wconf 84' lang='lat' dir='ltr'>possem</span> <span class='ocrx_word' id='word_1_189' title='bbox 1229 2885 1269 2937; x_wconf 90' lang='lat' dir='ltr'>al-</span> 
     </span>
     <span class='ocr_line' id='line_1_25' title="bbox 149 2967 1269 3049; baseline -0.006 -17"><span class='ocrx_word' id='word_1_190' title='bbox 149 2980 221 3034; x_wconf 90' lang='lat' dir='ltr'>latis</span> <span class='ocrx_word' id='word_1_191' title='bbox 240 2981 377 3049; x_wconf 83' lang='lat' dir='ltr'>exemplis</span> <span class='ocrx_word' id='word_1_192' title='bbox 402 2979 615 3045; x_wconf 86' lang='lat' dir='ltr'>demonstrare,</span> <span class='ocrx_word' id='word_1_193' title='bbox 635 2977 778 3032; x_wconf 81' lang='lat' dir='ltr'>indicasse</span> <span class='ocrx_word' id='word_1_194' title='bbox 802 2977 849 3030; x_wconf 91' lang='lat' dir='ltr'>hic</span> <span class='ocrx_word' id='word_1_195' title='bbox 872 2976 1002 3030; x_wconf 85' lang='lat' dir='ltr'>sufficiat.</span> <span class='ocrx_word' id='word_1_196' title='bbox 1025 2967 1098 3047; x_wconf 75' lang='lat' dir='ltr'>(dir.</span> <span class='ocrx_word' id='word_1_197' title='bbox 1118 2972 1223 3025; x_wconf 84' lang='lat' dir='ltr'>Psalm.</span> <span class='ocrx_word' id='word_1_198' title='bbox 1241 2971 1269 3026; x_wconf 82' lang='grc'>6.</span> 
     </span>
    </p>
   </div>
   <div class='ocr_carea' id='block_1_7' title="bbox 149 3075 1269 3178">
    <p class='ocr_par' dir='ltr' id='par_1_9' title="bbox 149 3075 1269 3178">
     <span class='ocr_line' id='line_1_26' title="bbox 149 3075 1269 3178; baseline -0.013 -16"><span class='ocrx_word' id='word_1_199' title='bbox 149 3124 180 3162; x_wconf 80' lang='lat' dir='ltr'>v.</span> <span class='ocrx_word' id='word_1_200' title='bbox 191 3109 218 3161; x_wconf 79' lang='lat'>⁷.</span> <span class='ocrx_word' id='word_1_201' title='bbox 230 3110 312 3163; x_wconf 83' lang='lat' dir='ltr'>Vere.</span> <span class='ocrx_word' id='word_1_202' title='bbox 326 3106 436 3172; x_wconf 80' lang='lat' dir='ltr'>Syriae.</span> <span class='ocrx_word' id='word_1_203' title='bbox 452 3108 483 3158; x_wconf 90' lang='lat' dir='ltr'>et</span> <span class='ocrx_word' id='word_1_204' title='bbox 500 3101 632 3172; x_wconf 84' lang='lat' dir='ltr'>respond.</span> <span class='ocrx_word' id='word_1_205' title='bbox 647 3103 725 3156; x_wconf 74' lang='lat' dir='ltr'>Posi·</span> <span class='ocrx_word' id='word_1_206' title='bbox 741 3118 770 3154; x_wconf 83' lang='lat' dir='ltr'>v.</span> <span class='ocrx_word' id='word_1_207' title='bbox 780 3101 808 3152; x_wconf 82' lang='lat'>4.</span> <span class='ocrx_word' id='word_1_208' title='bbox 829 3100 979 3166; x_wconf 87' lang='lat' dir='ltr'>hebraice,</span> <span class='ocrx_word' id='word_1_209' title='bbox 999 3097 1049 3151; x_wconf 91' lang='lat' dir='ltr'>ubi</span> <span class='ocrx_word' id='word_1_210' title='bbox 1083 3075 1186 3178; x_wconf 45' lang='lat' dir='ltr'>i&#39;issiii</span> <span class='ocrx_word' id='word_1_211' title='bbox 1219 3111 1269 3163; x_wconf 89' lang='lat' dir='ltr'>pro</span> 
     </span>
    </p>
   </div>
   <div class='ocr_carea' id='block_1_8' title="bbox 148 3197 1267 3317">
    <p class='ocr_par' dir='ltr' id='par_1_10' title="bbox 148 3197 1267 3317">
     <span class='ocr_line' id='line_1_27' title="bbox 148 3197 1267 3317; baseline -0.013 -29"><span class='ocrx_word' id='word_1_212' title='bbox 148 3235 214 3300; x_wconf 77' lang='lat' dir='ltr'>syr.</span> <span class='ocrx_word' id='word_1_213' title='bbox 238 3197 322 3317; x_wconf 40' lang='lat' dir='ltr'>etii</span> <span class='ocrx_word' id='word_1_214' title='bbox 357 3229 451 3284; x_wconf 89' lang='lat' dir='ltr'>ecdem</span> <span class='ocrx_word' id='word_1_215' title='bbox 472 3243 557 3283; x_wconf 88' lang='lat' dir='ltr'>sensu</span> <span class='ocrx_word' id='word_1_216' title='bbox 576 3223 646 3298; x_wconf 88' lang='lat' dir='ltr'>cst.)</span> <span class='ocrx_word' id='word_1_217' title='bbox 664 3227 727 3278; x_wconf 78' lang='lat' dir='ltr'>lion</span> <span class='ocrx_word' id='word_1_218' title='bbox 745 3225 837 3290; x_wconf 83' lang='lat' dir='ltr'>igitur</span> <span class='ocrx_word' id='word_1_219' title='bbox 855 3223 930 3276; x_wconf 87' lang='lat' dir='ltr'>illud</span> <span class='ocrx_word' id='word_1_220' title='bbox 943 3238 1088 3275; x_wconf 67' lang='lat' dir='ltr'>oenomaus</span> <span class='ocrx_word' id='word_1_221' title='bbox 1100 3220 1136 3276; x_wconf 88' lang='lat' dir='ltr'>ad</span> <span class='ocrx_word' id='word_1_222' title='bbox 1148 3237 1267 3276; x_wconf 84' lang='lat' dir='ltr'>couver-</span> 
     </span>
    </p>
   </div>
   <div class='ocr_carea' id='block_1_9' title="bbox 146 3329 1273 4217">
    <p class='ocr_par' dir='ltr' id='par_1_11' title="bbox 146 3329 1273 4217">
     <span class='ocr_line' id='line_1_28' title="bbox 149 3329 1270 3401; baseline -0.012 -7"><span class='ocrx_word' id='word_1_223' title='bbox 149 3343 257 3394; x_wconf 84' lang='lat' dir='ltr'>sionem</span> <span class='ocrx_word' id='word_1_224' title='bbox 276 3340 355 3394; x_wconf 85' lang='lat' dir='ltr'>Petri</span> <span class='ocrx_word' id='word_1_225' title='bbox 373 3355 387 3392; x_wconf 92' lang='lat' dir='ltr'>e</span> <span class='ocrx_word' id='word_1_226' title='bbox 405 3337 524 3392; x_wconf 85' lang='lat' dir='ltr'>erimine</span> <span class='ocrx_word' id='word_1_227' title='bbox 543 3335 715 3401; x_wconf 75' lang='lat' dir='ltr'>negationis,</span> <span class='ocrx_word' id='word_1_228' title='bbox 737 3335 838 3388; x_wconf 89' lang='lat' dir='ltr'>saltem</span> <span class='ocrx_word' id='word_1_229' title='bbox 857 3329 1059 3396; x_wconf 87' lang='lat' dir='ltr'>tantummodo,</span> <span class='ocrx_word' id='word_1_230' title='bbox 1081 3329 1166 3382; x_wconf 89' lang='lat' dir='ltr'>debet</span> <span class='ocrx_word' id='word_1_231' title='bbox 1184 3329 1270 3382; x_wconf 92' lang='lat' dir='ltr'>intel·</span> 
     </span>
     <span class='ocr_line' id='line_1_29' title="bbox 148 3418 1271 3498; baseline -0.013 -13"><span class='ocrx_word' id='word_1_232' title='bbox 148 3431 214 3498; x_wconf 69' lang='lat' dir='ltr'>ii3i3</span> <span class='ocrx_word' id='word_1_233' title='bbox 229 3445 294 3484; x_wconf 89' lang='lat' dir='ltr'>narn</span> <span class='ocrx_word' id='word_1_234' title='bbox 307 3431 505 3496; x_wconf 84' lang='lat' dir='ltr'>praeterquam</span> <span class='ocrx_word' id='word_1_235' title='bbox 518 3425 591 3494; x_wconf 87' lang='lat' dir='ltr'>quod</span> <span class='ocrx_word' id='word_1_236' title='bbox 604 3440 660 3478; x_wconf 83' lang='lat' dir='ltr'>vox</span> <span class='ocrx_word' id='word_1_237' title='bbox 674 3421 910 3490; x_wconf 86' lang='lat' dir='ltr'>Syro-chaldaica</span> <span class='ocrx_word' id='word_1_238' title='bbox 923 3419 953 3473; x_wconf 88' lang='lat' dir='ltr'>id</span> <span class='ocrx_word' id='word_1_239' title='bbox 967 3435 1022 3473; x_wconf 93' lang='lat' dir='ltr'>non</span> <span class='ocrx_word' id='word_1_240' title='bbox 1035 3418 1203 3484; x_wconf 87' lang='lat' dir='ltr'>necessario,</span> <span class='ocrx_word' id='word_1_241' title='bbox 1220 3433 1271 3484; x_wconf 87' lang='lat' dir='ltr'>per</span> 
     </span>
     <span class='ocr_line' id='line_1_30' title="bbox 148 3506 1272 3588; baseline -0.013 -15"><span class='ocrx_word' id='word_1_242' title='bbox 148 3538 189 3588; x_wconf 88' lang='lat' dir='ltr'>sa,</span> <span class='ocrx_word' id='word_1_243' title='bbox 201 3521 347 3587; x_wconf 82' lang='lat' dir='ltr'>importet,</span> <span class='ocrx_word' id='word_1_244' title='bbox 359 3517 466 3572; x_wconf 87' lang='lat' dir='ltr'>adsunt</span> <span class='ocrx_word' id='word_1_245' title='bbox 475 3521 504 3570; x_wconf 88' lang='lat' dir='ltr'>et</span> <span class='ocrx_word' id='word_1_246' title='bbox 514 3516 640 3571; x_wconf 88' lang='lat' dir='ltr'>rationes</span> <span class='ocrx_word' id='word_1_247' title='bbox 651 3513 854 3579; x_wconf 84' lang='lat' dir='ltr'>Hermentices,</span> <span class='ocrx_word' id='word_1_248' title='bbox 866 3511 979 3578; x_wconf 90' lang='lat' dir='ltr'>quibus,</span> <span class='ocrx_word' id='word_1_249' title='bbox 992 3507 1179 3563; x_wconf 86' lang='lat' dir='ltr'>consideratis</span> <span class='ocrx_word' id='word_1_250' title='bbox 1191 3506 1272 3562; x_wconf 81' lang='lat' dir='ltr'>chri-</span> 
     </span>
     <span class='ocr_line' id='line_1_31' title="bbox 148 3596 1272 3678; baseline -0.015 -14"><span class='ocrx_word' id='word_1_251' title='bbox 148 3612 190 3665; x_wconf 91' lang='lat' dir='ltr'>sti</span> <span class='ocrx_word' id='word_1_252' title='bbox 208 3611 355 3678; x_wconf 88' lang='lat' dir='ltr'>loquentis</span> <span class='ocrx_word' id='word_1_253' title='bbox 374 3624 466 3675; x_wconf 85' lang='lat' dir='ltr'>scopo,</span> <span class='ocrx_word' id='word_1_254' title='bbox 479 3607 627 3662; x_wconf 87' lang='lat' dir='ltr'>substrata</span> <span class='ocrx_word' id='word_1_255' title='bbox 645 3605 778 3671; x_wconf 84' lang='lat' dir='ltr'>materia,</span> <span class='ocrx_word' id='word_1_256' title='bbox 791 3607 820 3657; x_wconf 88' lang='lat' dir='ltr'>et</span> <span class='ocrx_word' id='word_1_257' title='bbox 832 3601 977 3670; x_wconf 88' lang='lat' dir='ltr'>adjunctis</span> <span class='ocrx_word' id='word_1_258' title='bbox 997 3597 1141 3665; x_wconf 88' lang='lat' dir='ltr'>temporis,</span> <span class='ocrx_word' id='word_1_259' title='bbox 1156 3596 1272 3650; x_wconf 82' lang='lat' dir='ltr'>eviden-</span> 
     </span>
     <span class='ocr_line' id='line_1_32' title="bbox 147 3685 1273 3766; baseline -0.015 -12"><span class='ocrx_word' id='word_1_260' title='bbox 147 3703 194 3754; x_wconf 86' lang='lat' dir='ltr'>ter</span> <span class='ocrx_word' id='word_1_261' title='bbox 211 3701 301 3754; x_wconf 80' lang='lat' dir='ltr'>fateri</span> <span class='ocrx_word' id='word_1_262' title='bbox 320 3700 478 3766; x_wconf 76' lang='lat' dir='ltr'>adigimur:</span> <span class='ocrx_word' id='word_1_263' title='bbox 500 3699 611 3752; x_wconf 87' lang='lat' dir='ltr'>oraculo</span> <span class='ocrx_word' id='word_1_264' title='bbox 623 3697 676 3750; x_wconf 92' lang='lat' dir='ltr'>illo</span> <span class='ocrx_word' id='word_1_265' title='bbox 690 3693 810 3748; x_wconf 86' lang='lat' dir='ltr'>solemni</span> <span class='ocrx_word' id='word_1_266' title='bbox 823 3691 970 3745; x_wconf 73' lang='lat' dir='ltr'>Christum</span> <span class='ocrx_word' id='word_1_267' title='bbox 983 3688 1142 3754; x_wconf 88' lang='lat' dir='ltr'>Dominum,</span> <span class='ocrx_word' id='word_1_268' title='bbox 1155 3685 1273 3740; x_wconf 88' lang='lat' dir='ltr'>miseria</span> 
     </span>
     <span class='ocr_line' id='line_1_33' title="bbox 146 3779 1267 3856; baseline -0.011 -16"><span class='ocrx_word' id='word_1_269' title='bbox 146 3787 203 3844; x_wconf 90' lang='lat' dir='ltr'>ilia</span> <span class='ocrx_word' id='word_1_270' title='bbox 221 3794 417 3845; x_wconf 84' lang='lat' dir='ltr'>momentanea</span> <span class='ocrx_word' id='word_1_271' title='bbox 434 3789 514 3842; x_wconf 87' lang='lat' dir='ltr'>Petri</span> <span class='ocrx_word' id='word_1_272' title='bbox 533 3786 707 3856; x_wconf 86' lang='lat' dir='ltr'>posthabita,</span> <span class='ocrx_word' id='word_1_273' title='bbox 724 3788 757 3836; x_wconf 89' lang='lat' dir='ltr'>ut</span> <span class='ocrx_word' id='word_1_274' title='bbox 769 3783 801 3835; x_wconf 92' lang='lat' dir='ltr'>in</span> <span class='ocrx_word' id='word_1_275' title='bbox 814 3779 1028 3847; x_wconf 88' lang='lat' dir='ltr'>sapientissimo</span> <span class='ocrx_word' id='word_1_276' title='bbox 1042 3792 1092 3830; x_wconf 88' lang='lat' dir='ltr'>suo</span> <span class='ocrx_word' id='word_1_277' title='bbox 1107 3779 1169 3830; x_wconf 89' lang='lat' dir='ltr'>erat</span> <span class='ocrx_word' id='word_1_278' title='bbox 1181 3791 1267 3840; x_wconf 90' lang='lat' dir='ltr'>more,</span> 
     </span>
     <span class='ocr_line' id='line_1_34' title="bbox 147 3864 1269 3948; baseline -0.017 -14"><span class='ocrx_word' id='word_1_279' title='bbox 147 3882 323 3936; x_wconf 84' lang='lat' dir='ltr'>occasionem</span> <span class='ocrx_word' id='word_1_280' title='bbox 341 3895 376 3932; x_wconf 82' lang='lat' dir='ltr'>ex</span> <span class='ocrx_word' id='word_1_281' title='bbox 394 3880 524 3948; x_wconf 87' lang='lat' dir='ltr'>proxima</span> <span class='ocrx_word' id='word_1_282' title='bbox 541 3877 751 3944; x_wconf 87' lang='lat' dir='ltr'>Discipulorum</span> <span class='ocrx_word' id='word_1_283' title='bbox 763 3871 922 3940; x_wconf 74' lang='lat' dir='ltr'>agitatione</span> <span class='ocrx_word' id='word_1_284' title='bbox 934 3871 1056 3934; x_wconf 86' lang='lat' dir='ltr'>nactum,</span> <span class='ocrx_word' id='word_1_285' title='bbox 1072 3865 1105 3919; x_wconf 86' lang='lat' dir='ltr'>da</span> <span class='ocrx_word' id='word_1_286' title='bbox 1118 3866 1226 3919; x_wconf 83' lang='lat' dir='ltr'>futuris</span> <span class='ocrx_word' id='word_1_287' title='bbox 1238 3864 1269 3915; x_wconf 91' lang='lat' dir='ltr'>in</span> 
     </span>
     <span class='ocr_line' id='line_1_35' title="bbox 148 3956 1268 4037; baseline -0.021 -11"><span class='ocrx_word' id='word_1_288' title='bbox 148 3973 271 4026; x_wconf 87' lang='lat' dir='ltr'>saeculis</span> <span class='ocrx_word' id='word_1_289' title='bbox 281 3970 441 4037; x_wconf 72' lang='lat' dir='ltr'>longaevis,</span> <span class='ocrx_word' id='word_1_290' title='bbox 453 3967 604 4034; x_wconf 89' lang='lat' dir='ltr'>scandalis,</span> <span class='ocrx_word' id='word_1_291' title='bbox 616 3965 796 4031; x_wconf 82' lang='lat' dir='ltr'>fideliumque</span> <span class='ocrx_word' id='word_1_292' title='bbox 809 3962 840 4014; x_wconf 92' lang='lat' dir='ltr'>in</span> <span class='ocrx_word' id='word_1_293' title='bbox 852 3957 922 4012; x_wconf 79' lang='lat' dir='ltr'>Fide</span> <span class='ocrx_word' id='word_1_294' title='bbox 936 3956 1171 4022; x_wconf 90' lang='lat' dir='ltr'>titubationibus,</span> <span class='ocrx_word' id='word_1_295' title='bbox 1181 3958 1268 4020; x_wconf 85' lang='lat' dir='ltr'>atque</span> 
     </span>
     <span class='ocr_line' id='line_1_36' title="bbox 148 4040 1269 4126; baseline -0.02 -9"><span class='ocrx_word' id='word_1_296' title='bbox 148 4062 184 4116; x_wconf 88' lang='lat' dir='ltr'>de</span> <span class='ocrx_word' id='word_1_297' title='bbox 196 4061 368 4117; x_wconf 85' lang='lat' dir='ltr'>necessitate</span> <span class='ocrx_word' id='word_1_298' title='bbox 382 4061 475 4114; x_wconf 87' lang='lat' dir='ltr'>tantis</span> <span class='ocrx_word' id='word_1_299' title='bbox 486 4057 632 4126; x_wconf 85' lang='lat' dir='ltr'>periculis,</span> <span class='ocrx_word' id='word_1_300' title='bbox 648 4070 698 4123; x_wconf 87' lang='lat' dir='ltr'>per</span> <span class='ocrx_word' id='word_1_301' title='bbox 710 4051 908 4119; x_wconf 77' lang='lat' dir='ltr'>Magisteriurn</span> <span class='ocrx_word' id='word_1_302' title='bbox 917 4040 1070 4114; x_wconf 80' lang='lat' dir='ltr'>Veritatis,</span> <span class='ocrx_word' id='word_1_303' title='bbox 1084 4047 1169 4113; x_wconf 77' lang='lat' dir='ltr'>opert</span> <span class='ocrx_word' id='word_1_304' title='bbox 1179 4043 1269 4096; x_wconf 86' lang='lat' dir='ltr'>Primi</span> 
     </span>
     <span class='ocr_line' id='line_1_37' title="bbox 147 4135 1266 4217; baseline -0.019 -12"><span class='ocrx_word' id='word_1_305' title='bbox 147 4152 262 4208; x_wconf 77' lang='lat' dir='ltr'>Fratris</span> <span class='ocrx_word' id='word_1_306' title='bbox 282 4153 312 4203; x_wconf 92' lang='lat' dir='ltr'>et</span> <span class='ocrx_word' id='word_1_307' title='bbox 329 4149 470 4217; x_wconf 87' lang='lat' dir='ltr'>Pastoris,</span> <span class='ocrx_word' id='word_1_308' title='bbox 491 4147 565 4200; x_wconf 88' lang='lat' dir='ltr'>omni</span> <span class='ocrx_word' id='word_1_309' title='bbox 587 4160 648 4200; x_wconf 87' lang='lat' dir='ltr'>cum</span> <span class='ocrx_word' id='word_1_310' title='bbox 667 4141 861 4198; x_wconf 86' lang='lat' dir='ltr'>sollicitudine</span> <span class='ocrx_word' id='word_1_311' title='bbox 881 4135 1081 4204; x_wconf 82' lang='lat' dir='ltr'>subveniendi,</span> <span class='ocrx_word' id='word_1_312' title='bbox 1102 4148 1266 4197; x_wconf 86' lang='lat' dir='ltr'>sermonen,</span> 
     </span>
    </p>
   </div>
   <div class='ocr_carea' id='block_1_10' title="bbox 147 4229 984 4310">
    <p class='ocr_par' dir='ltr' id='par_1_12' title="bbox 147 4229 984 4310">
     <span class='ocr_line' id='line_1_38' title="bbox 147 4229 984 4310; baseline -0.02 -13"><span class='ocrx_word' id='word_1_313' title='bbox 147 4242 375 4310; x_wconf 84' lang='lat' dir='ltr'>promissionem,</span> <span class='ocrx_word' id='word_1_314' title='bbox 393 4239 607 4307; x_wconf 78' lang='lat' dir='ltr'>jussionemque</span> <span class='ocrx_word' id='word_1_315' title='bbox 627 4236 785 4300; x_wconf 86' lang='lat' dir='ltr'>opportune</span> <span class='ocrx_word' id='word_1_316' title='bbox 805 4229 984 4284; x_wconf 80' lang='lat' dir='ltr'>institutore.</span> 
     </span>
    </p>
   </div>
   <div class='ocr_carea' id='block_1_11' title="bbox 0 0 1532 4756">
    <p class='ocr_par' dir='ltr' id='par_1_13' title="bbox 0 0 1532 4756">
     <span class='ocr_line' id='line_1_39' title="bbox 0 0 1532 4756; baseline 0 0"><span class='ocrx_word' id='word_1_317' title='bbox 0 0 1532 4756; x_wconf 95' lang='lat' dir='ltr'> </span> 
     </span>
    </p>
   </div>
  </div>
 </body>
</html>
