3046 4756
481 585 834 658 APPEme
858 586 936 656 11.

305 825 486 872 CONTINENS
510 824 685 871 accensum
710 825 861 870 SYRORUM
885 825 1110 869 omarfflum

237 933 298 977 HOC
322 934 380 978 EST
404 935 641 979 cathalaunum
668 934 843 997 GENESEOS,
861 933 1009 994 Nomuls,
1036 931 1177 977 aruum

322 1043 362 1086 1¹1¹
386 1044 635 1088 rnmoanloaun
658 1043 817 1088 concretu
842 1043 1092 1087 excommunis.

586 1481 769 1551 CAPUT
800 1482 831 1550 Ι.

192 1681 245 1748 Dc
269 1681 404 1769 ariciae
427 1695 459 1747 et
481 1684 617 1747 ratione
639 1682 788 1747 nominis
811 1680 972 1768 Syrorum
994 1677 1221 1745 Orientalium

283 1791 352 1855 sice
376 1787 625 1856 Chaldaeorum
657 1786 761 1879 deque
784 1786 969 1854 eorumdem
993 1787 1127 1875 linoaa.

666 2044 698 2120 ἓ.
724 2037 754 2105 Ι.

191 2173 193 2198 Ι
218 2235 416 2325 Vulgatum
432 2242 486 2304 est
501 2259 604 2326 penes
620 2235 823 2326 Philologus
847 2241 951 2328 atque
967 2233 1153 2304 historicos
1168 2229 1267 2302 chal-

148 2344 312 2412 daeorum
341 2367 402 2414 seu
424 2343 711 2432 Babyloniorum,
737 2350 774 2413 et
787 2344 1017 2433 Assyriorum
1040 2341 1181 2409 nomina
1203 2361 1267 2428 pro

147 2452 266 2519 ecdem
298 2451 424 2542 populo
453 2458 528 2521 tum
552 2453 590 2520 in
614 2451 650 2520 S.
669 2452 805 2538 Codice,
831 2458 905 2520 tum
929 2451 1021 2542 apud
1045 2450 1208 2540 profanos
1231 2457 1267 2516 et

148 2558 402 2627 ecclesiasticos
426 2559 613 2649 scriptores
628 2560 757 2650 passim
785 2558 944 2628 adhiberi
968 2558 1029 2645 (1).
1056 2555 1268 2646 Hujusmodi

148 2690 226 2735 cum
257 2667 577 2754 commutationem,
602 2675 678 2738 tum
705 2668 877 2736 unitatem
910 2665 1201 2734 denominationis
1225 2685 1266 2732 ex

147 2773 288 2862 imperii
310 2775 694 2867 Babylonico-Assyrii
717 2775 1026 2846 vicissitudinibus
1039 2773 1143 2843 facile
1158 2772 1268 2862 expli-

148 2883 256 2951 cabis.
283 2881 412 2951 Iis-dem
436 2885 599 2972 gentibus
622 2884 799 2953 sororibus
823 2883 862 2951 in
884 2907 992 2951 unum
1011 2884 1084 2951 fere
1100 2880 1267 2971 populum

155 2989 366 3078 conjunctis,
382 2989 643 3076 Aramaeorum,
663 2991 701 3058 in
718 3013 816 3059 sacro
835 2989 958 3059 Codice
972 2987 1189 3080 praesertim,
1205 2988 1269 3077 Sy-

147 3119 291 3180 rorum,
319 3119 340 3163 a
366 3097 510 3168 Graecis
540 3103 577 3168 et
603 3098 791 3184 Romanis,
818 3098 1050 3167 denominatio
1078 3097 1268 3167 communis

148 3203 221 3273 fuit
237 3205 299 3291 (2).
324 3204 454 3274 Eadem
478 3207 639 3296 Syrorum
662 3207 907 3292 denominatio,
926 3211 1098 3298 quatenus
1121 3205 1267 3273 Arama-

148 3333 236 3397 eam,
255 3313 461 3401 praesertim
478 3313 681 3382 orientalem
697 3336 842 3399 omnem,
861 3335 949 3405 quaa
971 3313 1106 3383 scilicet
1128 3319 1268 3402 praeter

147 3419 444 3510 Mesopotamiam,
454 3421 641 3512 Assyriam
653 3445 787 3514 quoque
800 3421 1074 3511 etBabyloniam
1091 3420 1264 3509 designat,

148 3527 413 3618 complectatur,
439 3535 519 3621 post
537 3530 734 3621 Religionis
757 3531 972 3600 christianae
994 3529 1122 3598 ibidem
1145 3549 1266 3620 propa-

150 3737 338 3749 ——a

221 3874 267 3952 (1)
286 3879 567 3935 (indecentibus
581 3885 610 3935 ot
627 3839 734 3934 winer.
748 3880 823 3936 Dia.
843 3881 922 3936 hebr.
944 3879 980 3934 ed
1000 3897 1082 3938 voces
1101 3867 1204 3959 *131de
1238 3884 1267 3934 et

151 3997 302 4096 an?
335 4005 393 4062 Oia.
408 4008 448 4060 De
461 4008 560 4062 Divin.
577 4009 598 4061 l.
614 4009 639 4060 1.
654 4024 677 4062 c.
693 4010 718 4061 1.
733 4023 795 4062 cnm
814 4006 911 4062 adnot.
925 4007 1266 4076 aurasicensem.

151 4123 227 4180 Bibl.
242 4127 352 4181 Orient.
368 4129 506 4193 praesare.
521 4129 544 4178 t.
559 4124 586 4177 3.
603 4141 664 4193 par.
680 4127 706 4178 2.

171 4210 266 4288 (2)
284 4215 343 4270 (ttr
356 4215 494 4268 Hoffman.
509 4215 603 4270 Gran
618 4214 726 4282 Syriae.
742 4217 894 4284 prolegom.
910 4217 934 4282 5.
950 4215 975 4270 1.
