3046 4756
724 321 951 390 ·-148-

292 453 541 543 exporrigens,
568 451 710 540 majoris
742 453 825 519 snae
849 450 1112 540 propagationis
1136 455 1172 519 et
1195 451 1291 520 vitae
1314 452 1412 520 adul-

294 563 351 626 tae
367 559 498 643 diebus,
518 557 804 647 comprehendere
825 558 1102 648 conspiciebatur
1116 557 1411 648 Mesopotamiam,

293 667 503 755 Assyriam,
530 666 733 751 Parthiam,
759 665 927 750 Mediam,
953 664 1202 755 Babyloniam,
1228 671 1415 759 utramque

294 774 478 858 Arabiam,
500 773 719 858 Armeniam,
746 772 942 855 Persidem,
969 773 1189 858 Tartariam,
1216 773 1411 864 Chatajam,

295 883 491 972 Scythiam,
518 882 747 971 Hyrcaniam,
778 879 1023 964 Chorosanam,
1054 881 1327 968 Prensoxanam,
1357 883 1414 950 In-

295 991 410 1075 diam,
437 990 574 1074 Sinam,
600 1012 778 1074 necnon,
804 989 841 1056 in
864 996 983 1078 parte,
1011 987 1152 1078 Syriam
1178 989 1411 1075 Anteriorem,

294 1097 524 1182 Palestinam,
549 1097 708 1167 Ciliciam
731 1105 767 1165 et
789 1099 1014 1186 Aegyptum,
1040 1119 1108 1163 non
1131 1097 1284 1164 exclusis
1307 1097 1414 1166 etiam

294 1203 420 1271 Oceani
443 1203 582 1288 insulis,
602 1203 646 1271 ad
662 1203 832 1270 Arabiam
854 1202 1017 1287 Felicem,
1034 1202 1090 1270 vel
1119 1201 1163 1270 ad
1179 1203 1315 1270 Indiam
1340 1227 1413 1293 spe·

275 1313 484 1379 cientibus.
506 1311 556 1379 Et
579 1333 797 1403 quamquam,
823 1312 866 1377 ab
889 1311 1006 1396 initio,
1026 1309 1276 1380 Chaldaeorum
1294 1311 1412 1380 Eccle-

296 1419 349 1485 sia
372 1418 611 1487 Antiochenae
631 1417 845 1508 Appendicis
867 1417 981 1484 instar
1005 1417 1137 1502 fuerit,
1164 1419 1290 1509 quippe
1313 1418 1416 1508 cujus

296 1525 395 1593 Sedis
418 1525 512 1610 olim,
531 1533 612 1592 ante
627 1525 790 1614 adeptum
807 1524 943 1592 scilicet
959 1523 1248 1614 patriarchatum,
1267 1526 1414 1593 Ordina-

295 1633 400 1718 tioni,
418 1633 588 1701 Primates
604 1633 704 1700 illins
729 1656 765 1700 se
789 1655 825 1700 se
848 1631 1012 1699 obnoxios
1036 1631 1130 1700 ultro
1147 1633 1412 1722 profitebantur,

297 1740 523 1808 nihilominus
546 1741 720 1809 Dioecesis
744 1740 996 1809 Chaldaeorum
1013 1739 1069 1808 vel
1086 1739 1318 1808 Orientalium
1335 1739 1412 1808 ideo

296 1847 485 1937 speciatim,
511 1854 651 1938 praeter
674 1870 780 1937 supra
803 1847 931 1914 allatas
954 1847 1120 1931 rationes,
1137 1847 1324 1938 posteriori
1347 1847 1416 1915 sal·

295 1961 363 2023 tem
388 1960 513 2040 aetate,
538 1955 709 2022 nominari
739 1955 863 2044 coepit,
890 1955 980 2046 quod
1004 1955 1042 2022 in
1064 1955 1205 2043 regione
1228 1954 1416 2024 Chaldaeo-

293 2081 373 2130 rum
399 2068 435 2130 ct
461 2062 499 2130 in
524 2061 722 2150 Babylonia
752 2061 942 2151 primordia
975 2061 1075 2128 illins
1106 2063 1271 2148 fuerunt,
1297 2061 1358 2129 ubi
1381 2068 1418 2130 et

296 2170 464 2260 primaria
478 2191 684 2236 numerosae
700 2169 810 2259 hujus
824 2169 1002 2238 Ecclesiae
1019 2169 1124 2238 Sedes
1140 2170 1332 2238 constituta
1347 2175 1415 2256 est,

295 2282 332 2345 et
348 2277 448 2368 quod,
468 2299 573 2368 quum
592 2283 694 2344 extre
714 2276 861 2344 Romani
878 2276 1023 2364 Imperii
1041 2277 1126 2344 fines
1146 2282 1222 2345 tota
1237 2263 1417 2344 Orientem

299 2406 422 2452 versus
438 2381 708 2468 distenderetur,
719 2383 863 2474 ejusque
879 2383 992 2478 potirer
1008 2404 1090 2472 pars
1101 2382 1268 2450 Parthica
1283 2382 1419 2452 ditione

297 2492 446 2581 primum
470 2490 720 2574 contineretur,
738 2490 898 2558 Ecclesia
916 2512 1042 2580 magna
1059 2489 1248 2575 Seleuciae,
1268 2511 1355 2581 quae
1371 2490 1418 2558 ad
1503 2563 1504 2596 ,

298 2599 447 2689 Tigrim,
463 2622 540 2666 cnm
557 2598 780 2687 Ctesiphonte
805 2600 889 2666 urbe
905 2598 1029 2682 altera,
1048 2597 1163 2688 posita
1185 2602 1272 2682 eret,
1287 2596 1418 2686 princi-

200 2702 201 2706 ’
297 2707 388 2797 palis
411 2707 521 2774 totius
546 2705 676 2774 idcirco
693 2707 893 2774 Dioeceseos
916 2706 974 2774 vel
997 2705 1264 2804 Patriarchatus
1280 2704 1419 2773 Civitas

297 2815 419 2883 habita
442 2837 550 2905 usqne
567 2815 649 2882 fuit.
667 2814 761 2882 ‘Inde
776 2836 898 2881 nomen
920 2813 1075 2898 trahens,
1102 2813 1162 2904 qui
1185 2813 1345 2902 deinceps
1371 2813 1418 2880 ad

297 2926 390 2991 hunc
406 2946 515 3014 usque
532 2923 645 3006 diem,
670 2923 707 2990 in
731 2923 847 2990 codem
871 2945 956 3012 pene
980 2921 1051 2990 solo
1076 2921 1197 2990 Sedem
1220 2920 1302 3009 figit
1317 2942 1418 2987 suam
1502 2961 1503 2991 r

298 3031 450 3121 ejusdem
472 3030 670 3114 Ecclesiae,
700 3029 744 3097 ed
768 3029 978 3118 paucitatem
999 3028 1083 3098 licet
1106 3027 1208 3096 hodie
1234 3025 1414 3112 reductae,

298 3139 564 3208 Patriarchatus
587 3139 736 3228 primum
760 3137 1004 3222 Orientalium,
1023 3145 1098 3206 tum
1115 3136 1366 3206 Chaldaeorum
1384 3143 1421 3206 et

298 3246 551 3336 Babylonensis
574 3245 724 3314 retinnit
747 3244 1025 3334 appellationem.
1124 3266 1126 3271 ·

711 3447 895 3518 CAPUT
926 3449 996 3517 III.
1124 3485 1126 3490 v

388 3604 588 3692 Prospectas
616 3604 797 3669 historicas
821 3605 1028 3672 Provinciae
1051 3601 1324 3684 Patriarchalis,

301 3723 369 3775 tam
392 3710 617 3798 subjectorum
639 3708 939 3798 Metropolitanum
956 3709 1134 3776 Ecclesiae
1150 3706 1413 3777 Chaldaeorum.

365 3887 422 3956 Ad
437 3909 566 3972 corum,
587 3908 674 3978 quae
697 3886 738 3954 de
762 3891 860 3954 statu
885 3886 967 3954 olim
989 3909 1213 3977 perprcspero
1236 3886 1416 3956 Ecclesiae

300 3995 550 4064 Chaldaeorum
566 3995 663 4063 modo
680 3994 846 4080 delibavi,
864 3995 1028 4083 majorem
1043 3995 1339 4080 dilucidationem,
1356 3995 1414 4084 ju·

302 4110 364 4170 vat
385 4103 547 4169 notitiam
570 4103 777 4170 Provinciae
796 4101 1064 4187 Patriarchalis,
1083 4109 1145 4170 ne‘c
1167 4125 1236 4169 non
1259 4100 1417 4190 ejusdem

302 4207 624 4294 Metropolitanum,
651 4229 856 4299 quemquam
880 4209 1101 4296 brevissime,
1128 4210 1285 4294 tradere,
1311 4216 1417 4299 prout
1498 4225 1499 4265 ἐ

303 4312 507 4382 certissimis
530 4313 743 4382 documentis
758 4321 794 4382 et
810 4316 973 4402 vestigiis
989 4316 1072 4384 illas
1088 4317 1285 4407 provincias
1305 4318 1417 4388 exsti·
