<?xml version="1.0" encoding="UTF-8"?>
<!DOCTYPE html PUBLIC "-//W3C//DTD XHTML 1.0 Transitional//EN"
    "http://www.w3.org/TR/xhtml1/DTD/xhtml1-transitional.dtd">
<html xmlns="http://www.w3.org/1999/xhtml" xml:lang="en" lang="en">
 <head>
  <title>
</title>
<meta http-equiv="Content-Type" content="text/html;charset=utf-8" />
  <meta name='ocr-system' content='tesseract 3.04.00' />
  <meta name='ocr-capabilities' content='ocr_page ocr_carea ocr_par ocr_line ocrx_word'/>
</head>
<body>
  <div class='ocr_page' id='page_1' title='image "./syriorientaless00khaygoog_0126.png"; bbox 0 0 3056 4756; ppageno 0'>
   <div class='ocr_carea' id='block_1_1' title="bbox 477 736 903 814">
    <p class='ocr_par' dir='ltr' id='par_1_1' title="bbox 477 736 903 814">
     <span class='ocr_line' id='line_1_1' title="bbox 477 736 903 814; baseline -0.009 0"><span class='ocrx_word' id='word_1_1' title='bbox 477 737 831 814; x_wconf 69' lang='lat' dir='ltr'><strong>arrnnmx</strong></span> <span class='ocrx_word' id='word_1_2' title='bbox 856 736 903 810; x_wconf 86' lang='lat'><strong>1.</strong></span> 
     </span>
    </p>
   </div>
   <div class='ocr_carea' id='block_1_2' title="bbox 149 990 1230 1154">
    <p class='ocr_par' dir='ltr' id='par_1_2' title="bbox 149 990 1230 1154">
     <span class='ocr_line' id='line_1_2' title="bbox 149 990 1230 1046; baseline -0.005 -3"><span class='ocrx_word' id='word_1_3' title='bbox 149 997 332 1046; x_wconf 69' lang='lat' dir='ltr'><strong>comunem</strong></span> <span class='ocrx_word' id='word_1_4' title='bbox 355 999 487 1045; x_wconf 71' lang='lat' dir='ltr'>BREVEM</span> <span class='ocrx_word' id='word_1_5' title='bbox 509 999 672 1045; x_wconf 77' lang='lat' dir='ltr'><strong>norman</strong></span> <span class='ocrx_word' id='word_1_6' title='bbox 694 997 869 1044; x_wconf 75' lang='lat' dir='ltr'>AUCTORUM</span> <span class='ocrx_word' id='word_1_7' title='bbox 891 997 933 1041; x_wconf 73' lang='grc' dir='ltr'><strong>ΕΤ</strong></span> <span class='ocrx_word' id='word_1_8' title='bbox 957 990 1230 1042; x_wconf 70' lang='lat' dir='ltr'><strong>MONUMENTORUM</strong></span> 
     </span>
     <span class='ocr_line' id='line_1_3' title="bbox 380 1105 994 1154; baseline -0.003 0"><span class='ocrx_word' id='word_1_9' title='bbox 380 1109 417 1154; x_wconf 80' lang='lat' dir='ltr'><strong>IN</strong></span> <span class='ocrx_word' id='word_1_10' title='bbox 439 1108 539 1154; x_wconf 71' lang='lat' dir='ltr'>HOCCE</span> <span class='ocrx_word' id='word_1_11' title='bbox 562 1107 721 1154; x_wconf 71' lang='lat' dir='ltr'>OPUSGULO</span> <span class='ocrx_word' id='word_1_12' title='bbox 744 1105 994 1152; x_wconf 69' lang='lat' dir='ltr'><strong>encaemorum.</strong></span> 
     </span>
    </p>
   </div>
   <div class='ocr_carea' id='block_1_3' title="bbox 653 1737 704 1830">
    <p class='ocr_par' dir='ltr' id='par_1_3' title="bbox 653 1737 704 1830">
     <span class='ocr_line' id='line_1_4' title="bbox 653 1737 704 1830; baseline 0 -19"><span class='ocrx_word' id='word_1_13' title='bbox 653 1737 704 1830; x_wconf 74' lang='grc' dir='ltr'><strong>ΙΑ</strong></span> 
     </span>
    </p>
   </div>
   <div class='ocr_carea' id='block_1_4' title="bbox 190 1967 1470 2090">
    <p class='ocr_par' dir='ltr' id='par_1_4' title="bbox 190 1967 1470 2090">
     <span class='ocr_line' id='line_1_5' title="bbox 190 1967 1470 2090; baseline -0.004 -50"><span class='ocrx_word' id='word_1_14' title='bbox 190 1970 230 2040; x_wconf 92' lang='lat' dir='ltr'><strong>P.</strong></span> <span class='ocrx_word' id='word_1_15' title='bbox 248 1970 361 2040; x_wconf 87' lang='lat' dir='ltr'><strong>Adam</strong></span> <span class='ocrx_word' id='word_1_16' title='bbox 395 1970 639 2040; x_wconf 87' lang='lat' dir='ltr'><strong>monachorum</strong></span> <span class='ocrx_word' id='word_1_17' title='bbox 669 1969 981 2052; x_wconf 90' lang='lat' dir='ltr'><strong>Archimandrita‚</strong></span> <span class='ocrx_word' id='word_1_18' title='bbox 1015 1967 1470 2090; x_wconf 56' lang='lat' dir='ltr'><strong>Palliamhaemffllfflffl&#39;</strong></span> 
     </span>
    </p>
   </div>
   <div class='ocr_carea' id='block_1_5' title="bbox 122 2076 1468 2170">
    <p class='ocr_par' dir='ltr' id='par_1_5' title="bbox 122 2076 1468 2170">
     <span class='ocr_line' id='line_1_6' title="bbox 122 2076 1468 2170; baseline -0.004 -22"><span class='ocrx_word' id='word_1_19' title='bbox 122 2076 224 2148; x_wconf 75' lang='lat' dir='ltr'><strong>Elia&#39;e</strong></span> <span class='ocrx_word' id='word_1_20' title='bbox 254 2078 531 2148; x_wconf 88' lang='lat' dir='ltr'><strong>Archidiaconus</strong></span> <span class='ocrx_word' id='word_1_21' title='bbox 555 2085 660 2170; x_wconf 90' lang='lat' dir='ltr'><strong>atque</strong></span> <span class='ocrx_word' id='word_1_22' title='bbox 676 2078 720 2146; x_wconf 90' lang='lat' dir='ltr'><strong>ad</strong></span> <span class='ocrx_word' id='word_1_23' title='bbox 736 2077 886 2146; x_wconf 87' lang='lat' dir='ltr'><strong>Paulum</strong></span> <span class='ocrx_word' id='word_1_24' title='bbox 909 2077 954 2147; x_wconf 89' lang='lat' dir='ltr'><strong>V.</strong></span> <span class='ocrx_word' id='word_1_25' title='bbox 969 2078 1012 2145; x_wconf 88' lang='lat' dir='ltr'><strong>R.</strong></span> <span class='ocrx_word' id='word_1_26' title='bbox 1027 2077 1067 2145; x_wconf 88' lang='lat' dir='ltr'><strong>P.</strong></span> <span class='ocrx_word' id='word_1_27' title='bbox 1086 2076 1242 2166; x_wconf 79' lang='lat' dir='ltr'><strong>Legatus</strong></span> <span class='ocrx_word' id='word_1_28' title='bbox 1255 2103 1468 2152; x_wconf 63' lang='lat' dir='ltr'><strong>crematurum.</strong></span> 
     </span>
    </p>
   </div>
   <div class='ocr_carea' id='block_1_6' title="bbox 123 2168 1469 2280">
    <p class='ocr_par' dir='ltr' id='par_1_6' title="bbox 123 2168 1469 2280">
     <span class='ocr_line' id='line_1_7' title="bbox 123 2168 1469 2280; baseline 0.004 -26"><span class='ocrx_word' id='word_1_29' title='bbox 123 2189 193 2256; x_wconf 91' lang='lat' dir='ltr'><strong>An.</strong></span> <span class='ocrx_word' id='word_1_30' title='bbox 213 2187 313 2255; x_wconf 84' lang='grc'><strong>1612.</strong></span> <span class='ocrx_word' id='word_1_31' title='bbox 331 2187 470 2256; x_wconf 80' lang='lat' dir='ltr'><strong>Romam</strong></span> <span class='ocrx_word' id='word_1_32' title='bbox 492 2187 601 2256; x_wconf 87' lang='lat' dir='ltr'><strong>venit.</strong></span> <span class='ocrx_word' id='word_1_33' title='bbox 614 2186 711 2256; x_wconf 82' lang='lat' dir='ltr'><strong>Foco</strong></span> <span class='ocrx_word' id='word_1_34' title='bbox 726 2186 944 2255; x_wconf 83' lang='lat' dir='ltr'>nestorianae</span> <span class='ocrx_word' id='word_1_35' title='bbox 959 2185 1113 2254; x_wconf 89' lang='lat' dir='ltr'><strong>haeresis</strong></span> <span class='ocrx_word' id='word_1_36' title='bbox 1128 2185 1241 2254; x_wconf 92' lang='lat' dir='ltr'><strong>adhuc</strong></span> <span class='ocrx_word' id='word_1_37' title='bbox 1254 2168 1469 2280; x_wconf 49' lang='lat' dir='ltr'><strong>ffiffi’fflff,</strong></span> 
     </span>
    </p>
   </div>
   <div class='ocr_carea' id='block_1_7' title="bbox 123 2293 1469 2406">
    <p class='ocr_par' dir='ltr' id='par_1_7' title="bbox 123 2293 1469 2406">
     <span class='ocr_line' id='line_1_8' title="bbox 123 2293 1469 2406; baseline -0.004 -42"><span class='ocrx_word' id='word_1_38' title='bbox 123 2295 337 2387; x_wconf 88' lang='lat' dir='ltr'><strong>illaqueatus</strong></span> <span class='ocrx_word' id='word_1_39' title='bbox 359 2293 659 2364; x_wconf 72' lang='lat' dir='ltr'><strong>&#39;commentarium</strong></span> <span class='ocrx_word' id='word_1_40' title='bbox 694 2295 970 2385; x_wconf 75' lang='lat' dir='ltr'><strong>conscripserat,</strong></span> <span class='ocrx_word' id='word_1_41' title='bbox 996 2294 1052 2362; x_wconf 88' lang='lat' dir='ltr'><strong>cui</strong></span> <span class='ocrx_word' id='word_1_42' title='bbox 1084 2293 1214 2361; x_wconf 84' lang='lat' dir='ltr'><strong>titulus</strong></span> <span class='ocrx_word' id='word_1_43' title='bbox 1231 2317 1238 2360; x_wconf 91' lang='lat'><strong>:</strong></span> <span class='ocrx_word' id='word_1_44' title='bbox 1253 2293 1310 2406; x_wconf 45' lang='lat' dir='ltr'><strong>§a</strong></span> <span class='ocrx_word' id='word_1_45' title='bbox 1331 2293 1469 2344; x_wconf 73' lang='lat' dir='ltr'><strong>chaldaeo·</strong></span> 
     </span>
    </p>
   </div>
   <div class='ocr_carea' id='block_1_8' title="bbox 126 2401 1241 2492">
    <p class='ocr_par' dir='ltr' id='par_1_8' title="bbox 126 2401 1241 2492">
     <span class='ocr_line' id='line_1_9' title="bbox 126 2401 1241 2492; baseline 0.002 -24"><span class='ocrx_word' id='word_1_46' title='bbox 126 2431 142 2468; x_wconf 83' lang='lat' dir='ltr'><strong>u</strong></span> <span class='ocrx_word' id='word_1_47' title='bbox 159 2403 211 2473; x_wconf 90' lang='lat' dir='ltr'><strong>De</strong></span> <span class='ocrx_word' id='word_1_48' title='bbox 226 2403 313 2472; x_wconf 81' lang='lat' dir='ltr'><strong>Fide</strong></span> <span class='ocrx_word' id='word_1_49' title='bbox 329 2403 467 2471; x_wconf 89' lang='lat' dir='ltr'><strong>Domini</strong></span> <span class='ocrx_word' id='word_1_50' title='bbox 479 2402 580 2471; x_wconf 87' lang='lat' dir='ltr'><strong>Eliae</strong></span> <span class='ocrx_word' id='word_1_51' title='bbox 592 2412 627 2472; x_wconf 90' lang='lat' dir='ltr'><strong>et</strong></span> <span class='ocrx_word' id='word_1_52' title='bbox 639 2402 871 2472; x_wconf 81' lang='lat' dir='ltr'><strong>Orientalium</strong></span> <span class='ocrx_word' id='word_1_53' title='bbox 883 2427 957 2472; x_wconf 88' lang='lat' dir='ltr'><strong>cum</strong></span> <span class='ocrx_word' id='word_1_54' title='bbox 970 2401 1056 2471; x_wconf 86' lang='lat' dir='ltr'><strong>Fide</strong></span> <span class='ocrx_word' id='word_1_55' title='bbox 1068 2403 1111 2471; x_wconf 90' lang='lat' dir='ltr'><strong>D.</strong></span> <span class='ocrx_word' id='word_1_56' title='bbox 1127 2403 1241 2492; x_wconf 80' lang='lat' dir='ltr'>Papae</span> 
     </span>
    </p>
   </div>
   <div class='ocr_carea' id='block_1_9' title="bbox 22 2511 1241 2602">
    <p class='ocr_par' dir='ltr' id='par_1_9' title="bbox 22 2511 1241 2602">
     <span class='ocr_line' id='line_1_10' title="bbox 22 2511 1241 2602; baseline -0.001 -22"><span class='ocrx_word' id='word_1_57' title='bbox 22 2591 29 2595; x_wconf 45' lang='grc'><strong>,</strong></span> <span class='ocrx_word' id='word_1_58' title='bbox 122 2519 158 2592; x_wconf 84' lang='lat' dir='ltr'><strong>et</strong></span> <span class='ocrx_word' id='word_1_59' title='bbox 181 2513 226 2581; x_wconf 88' lang='lat' dir='ltr'><strong>R.</strong></span> <span class='ocrx_word' id='word_1_60' title='bbox 243 2511 420 2580; x_wconf 77' lang='lat' dir='ltr'>Ecclesiae</span> <span class='ocrx_word' id='word_1_61' title='bbox 444 2511 673 2596; x_wconf 86' lang='lat' dir='ltr'><strong>concilianda,</strong></span> <span class='ocrx_word' id='word_1_62' title='bbox 693 2538 709 2574; x_wconf 85' lang='lat' dir='ltr'><strong>n</strong></span> <span class='ocrx_word' id='word_1_63' title='bbox 735 2511 774 2579; x_wconf 90' lang='lat' dir='ltr'><strong>in</strong></span> <span class='ocrx_word' id='word_1_64' title='bbox 798 2535 864 2602; x_wconf 88' lang='lat' dir='ltr'><strong>quo</strong></span> <span class='ocrx_word' id='word_1_65' title='bbox 894 2511 962 2580; x_wconf 90' lang='lat' dir='ltr'><strong>sibi</strong></span> <span class='ocrx_word' id='word_1_66' title='bbox 986 2511 1167 2602; x_wconf 75' lang='lat' dir='ltr'><strong>proposuit</strong></span> <span class='ocrx_word' id='word_1_67' title='bbox 1189 2533 1241 2579; x_wconf 91' lang='lat' dir='ltr'><strong>or·</strong></span> 
     </span>
    </p>
   </div>
   <div class='ocr_carea' id='block_1_10' title="bbox 118 2617 1275 4330">
    <p class='ocr_par' dir='ltr' id='par_1_10' title="bbox 118 2617 1275 4330">
     <span class='ocr_line' id='line_1_11' title="bbox 121 2617 1243 2702; baseline 0.001 -15"><span class='ocrx_word' id='word_1_68' title='bbox 121 2618 323 2688; x_wconf 89' lang='lat' dir='ltr'><strong>thodoxiam</strong></span> <span class='ocrx_word' id='word_1_69' title='bbox 346 2617 578 2687; x_wconf 82' lang='lat' dir='ltr'><strong>Orientalium</strong></span> <span class='ocrx_word' id='word_1_70' title='bbox 602 2643 663 2688; x_wconf 91' lang='lat' dir='ltr'><strong>seu</strong></span> <span class='ocrx_word' id='word_1_71' title='bbox 686 2618 974 2686; x_wconf 88' lang='lat' dir='ltr'><strong>Nestorianorum</strong></span> <span class='ocrx_word' id='word_1_72' title='bbox 991 2618 1181 2702; x_wconf 87' lang='lat' dir='ltr'><strong>vindicare,</strong></span> <span class='ocrx_word' id='word_1_73' title='bbox 1207 2624 1243 2688; x_wconf 88' lang='lat' dir='ltr'><strong>et</strong></span> 
     </span>
     <span class='ocr_line' id='line_1_12' title="bbox 122 2723 1243 2818; baseline -0.001 -23"><span class='ocrx_word' id='word_1_74' title='bbox 122 2726 280 2810; x_wconf 87' lang='lat' dir='ltr'><strong>suadere,</strong></span> <span class='ocrx_word' id='word_1_75' title='bbox 305 2747 429 2817; x_wconf 86' lang='lat' dir='ltr'><strong>-quae</strong></span> <span class='ocrx_word' id='word_1_76' title='bbox 460 2732 652 2793; x_wconf 80' lang='lat' dir='ltr'><strong>ceterorum</strong></span> <span class='ocrx_word' id='word_1_77' title='bbox 675 2723 781 2792; x_wconf 89' lang='lat' dir='ltr'><strong>etiam</strong></span> <span class='ocrx_word' id='word_1_78' title='bbox 805 2724 1089 2794; x_wconf 86' lang='lat' dir='ltr'><strong>Nestorianorum</strong></span> <span class='ocrx_word' id='word_1_79' title='bbox 1114 2725 1184 2818; x_wconf 83' lang='lat' dir='ltr'><strong>fuit</strong></span> <span class='ocrx_word' id='word_1_80' title='bbox 1206 2731 1243 2794; x_wconf 87' lang='lat' dir='ltr'><strong>et</strong></span> 
     </span>
     <span class='ocr_line' id='line_1_13' title="bbox 121 2819 1241 2925; baseline -0.004 -21"><span class='ocrx_word' id='word_1_81' title='bbox 121 2835 195 2904; x_wconf 86' lang='lat' dir='ltr'><strong>iere</strong></span> <span class='ocrx_word' id='word_1_82' title='bbox 219 2833 388 2925; x_wconf 87' lang='lat' dir='ltr'><strong>hodieque</strong></span> <span class='ocrx_word' id='word_1_83' title='bbox 410 2840 465 2901; x_wconf 89' lang='lat' dir='ltr'><strong>est</strong></span> <span class='ocrx_word' id='word_1_84' title='bbox 489 2833 673 2924; x_wconf 85' lang='lat' dir='ltr'><strong>sententia,</strong></span> <span class='ocrx_word' id='word_1_85' title='bbox 687 2832 860 2900; x_wconf 88' lang='lat' dir='ltr'><strong>-nullum</strong></span> <span class='ocrx_word' id='word_1_86' title='bbox 876 2833 973 2902; x_wconf 88' lang='lat' dir='ltr'><strong>aliud</strong></span> <span class='ocrx_word' id='word_1_87' title='bbox 998 2819 1166 2902; x_wconf 80' lang='lat' dir='ltr'><strong>interesse</strong></span> <span class='ocrx_word' id='word_1_88' title='bbox 1189 2832 1241 2901; x_wconf 91' lang='lat' dir='ltr'><strong>in·</strong></span> 
     </span>
     <span class='ocr_line' id='line_1_14' title="bbox 121 2939 1242 3028; baseline -0.002 -18"><span class='ocrx_word' id='word_1_89' title='bbox 121 2949 176 3012; x_wconf 85' lang='lat' dir='ltr'><strong>ter</strong></span> <span class='ocrx_word' id='word_1_90' title='bbox 196 2963 294 3028; x_wconf 85' lang='lat' dir='ltr'><strong>suam</strong></span> <span class='ocrx_word' id='word_1_91' title='bbox 312 2946 348 3008; x_wconf 88' lang='lat' dir='ltr'><strong>et</strong></span> <span class='ocrx_word' id='word_1_92' title='bbox 363 2939 541 3014; x_wconf 77' lang='lat' dir='ltr'><strong>Ecclesiae</strong></span> <span class='ocrx_word' id='word_1_93' title='bbox 557 2939 757 3010; x_wconf 83' lang='lat' dir='ltr'><strong>Catholicae</strong></span> <span class='ocrx_word' id='word_1_94' title='bbox 775 2941 948 3008; x_wconf 88' lang='lat' dir='ltr'><strong>Romanae</strong></span> <span class='ocrx_word' id='word_1_95' title='bbox 964 2940 1242 3010; x_wconf 89' lang='lat' dir='ltr'><strong>Communiouem</strong></span> 
     </span>
     <span class='ocr_line' id='line_1_15' title="bbox 120 3033 1241 3140; baseline 0.001 -21"><span class='ocrx_word' id='word_1_96' title='bbox 120 3049 216 3119; x_wconf 85' lang='lat' dir='ltr'><strong>circa</strong></span> <span class='ocrx_word' id='word_1_97' title='bbox 230 3048 355 3138; x_wconf 79' lang='lat' dir='ltr'><strong>dogma</strong></span> <span class='ocrx_word' id='word_1_98' title='bbox 368 3033 626 3118; x_wconf 76' lang='lat' dir='ltr'><strong>incarnationis</strong></span> <span class='ocrx_word' id='word_1_99' title='bbox 644 3047 843 3118; x_wconf 88' lang='lat' dir='ltr'><strong>Dominicae</strong></span> <span class='ocrx_word' id='word_1_100' title='bbox 857 3048 1053 3135; x_wconf 87' lang='lat' dir='ltr'><strong>discrimen,</strong></span> <span class='ocrx_word' id='word_1_101' title='bbox 1069 3050 1138 3118; x_wconf 86' lang='lat' dir='ltr'><strong>nisi</strong></span> <span class='ocrx_word' id='word_1_102' title='bbox 1152 3047 1241 3140; x_wconf 90' lang='lat' dir='ltr'><strong>quod</strong></span> 
     </span>
     <span class='ocr_line' id='line_1_16' title="bbox 121 3155 1240 3249; baseline -0.002 -23"><span class='ocrx_word' id='word_1_103' title='bbox 121 3158 158 3226; x_wconf 90' lang='lat' dir='ltr'><strong>in</strong></span> <span class='ocrx_word' id='word_1_104' title='bbox 179 3157 359 3226; x_wconf 86' lang='lat' dir='ltr'><strong>vocabulis</strong></span> <span class='ocrx_word' id='word_1_105' title='bbox 374 3162 429 3224; x_wconf 82' lang='lat' dir='ltr'><strong>est</strong></span> <span class='ocrx_word' id='word_1_106' title='bbox 452 3155 662 3226; x_wconf 88' lang='lat' dir='ltr'><strong>solummodo</strong></span> <span class='ocrx_word' id='word_1_107' title='bbox 686 3155 805 3244; x_wconf 83' lang='lat' dir='ltr'><strong>situm;</strong></span> <span class='ocrx_word' id='word_1_108' title='bbox 831 3162 935 3249; x_wconf 89' lang='lat' dir='ltr'><strong>atque</strong></span> <span class='ocrx_word' id='word_1_109' title='bbox 959 3156 1101 3246; x_wconf 87' lang='lat' dir='ltr'><strong>proinde</strong></span> <span class='ocrx_word' id='word_1_110' title='bbox 1125 3156 1240 3224; x_wconf 91' lang='lat' dir='ltr'><strong>imme·</strong></span> 
     </span>
     <span class='ocr_line' id='line_1_17' title="bbox 120 3262 1241 3356; baseline 0.001 -23"><span class='ocrx_word' id='word_1_111' title='bbox 120 3265 189 3333; x_wconf 85' lang='lat' dir='ltr'><strong>rito</strong></span> <span class='ocrx_word' id='word_1_112' title='bbox 210 3263 298 3354; x_wconf 88' lang='lat' dir='ltr'><strong>ipsis</strong></span> <span class='ocrx_word' id='word_1_113' title='bbox 320 3262 466 3356; x_wconf 85' lang='lat' dir='ltr'><strong>appingi</strong></span> <span class='ocrx_word' id='word_1_114' title='bbox 496 3285 618 3334; x_wconf 81' lang='lat' dir='ltr'><strong>nomeu</strong></span> <span class='ocrx_word' id='word_1_115' title='bbox 641 3265 797 3335; x_wconf 88' lang='lat' dir='ltr'><strong>Nestorii</strong></span> <span class='ocrx_word' id='word_1_116' title='bbox 822 3272 858 3334; x_wconf 88' lang='lat' dir='ltr'><strong>et</strong></span> <span class='ocrx_word' id='word_1_117' title='bbox 880 3265 1169 3348; x_wconf 89' lang='lat' dir='ltr'><strong>nestorianorum,</strong></span> <span class='ocrx_word' id='word_1_118' title='bbox 1185 3265 1241 3334; x_wconf 90' lang='lat' dir='ltr'><strong>uti</strong></span> 
     </span>
     <span class='ocr_line' id='line_1_18' title="bbox 119 3369 1240 3462; baseline 0.005 -24"><span class='ocrx_word' id='word_1_119' title='bbox 119 3369 386 3442; x_wconf 87' lang='lat' dir='ltr'><strong>haereticorum.</strong></span> <span class='ocrx_word' id='word_1_120' title='bbox 416 3371 518 3442; x_wconf 89' lang='lat' dir='ltr'><strong>Hunc</strong></span> <span class='ocrx_word' id='word_1_121' title='bbox 542 3372 656 3462; x_wconf 82' lang='lat' dir='ltr'><strong>igitur</strong></span> <span class='ocrx_word' id='word_1_122' title='bbox 680 3373 963 3442; x_wconf 87' lang='lat' dir='ltr'><strong>commentarium</strong></span> <span class='ocrx_word' id='word_1_123' title='bbox 993 3375 1096 3444; x_wconf 90' lang='lat' dir='ltr'><strong>Pater</strong></span> <span class='ocrx_word' id='word_1_124' title='bbox 1127 3374 1240 3444; x_wconf 85' lang='lat' dir='ltr'><strong>Adam</strong></span> 
     </span>
     <span class='ocr_line' id='line_1_19' title="bbox 121 3477 1240 3569; baseline 0.004 -22"><span class='ocrx_word' id='word_1_125' title='bbox 121 3501 195 3548; x_wconf 90' lang='lat' dir='ltr'><strong>cum</strong></span> <span class='ocrx_word' id='word_1_126' title='bbox 221 3477 383 3569; x_wconf 81' lang='lat' dir='ltr'><strong>Epistola</strong></span> <span class='ocrx_word' id='word_1_127' title='bbox 401 3479 626 3548; x_wconf 87' lang='lat' dir='ltr'><strong>Patriarchae</strong></span> <span class='ocrx_word' id='word_1_128' title='bbox 642 3479 755 3566; x_wconf 89' lang='lat' dir='ltr'><strong>Eliae,</strong></span> <span class='ocrx_word' id='word_1_129' title='bbox 782 3483 952 3550; x_wconf 90' lang='lat' dir='ltr'><strong>communi</strong></span> <span class='ocrx_word' id='word_1_130' title='bbox 976 3480 1070 3550; x_wconf 88' lang='lat' dir='ltr'><strong>Cleri</strong></span> <span class='ocrx_word' id='word_1_131' title='bbox 1094 3481 1240 3551; x_wconf 91' lang='lat' dir='ltr'><strong>consilio</strong></span> 
     </span>
     <span class='ocr_line' id='line_1_20' title="bbox 121 3587 1240 3679; baseline 0.001 -22"><span class='ocrx_word' id='word_1_132' title='bbox 121 3587 344 3676; x_wconf 85' lang='lat' dir='ltr'><strong>conscripta,</strong></span> <span class='ocrx_word' id='word_1_133' title='bbox 373 3599 431 3672; x_wconf 88' lang='lat' dir='ltr'><strong>et,</strong></span> <span class='ocrx_word' id='word_1_134' title='bbox 460 3587 546 3656; x_wconf 91' lang='lat' dir='ltr'><strong>licet</strong></span> <span class='ocrx_word' id='word_1_135' title='bbox 568 3587 714 3657; x_wconf 87' lang='lat' dir='ltr'><strong>demisse</strong></span> <span class='ocrx_word' id='word_1_136' title='bbox 737 3589 939 3674; x_wconf 84' lang='lat' dir='ltr'><strong>admodum,</strong></span> <span class='ocrx_word' id='word_1_137' title='bbox 965 3589 1119 3679; x_wconf 85' lang='lat' dir='ltr'><strong>ejusdem</strong></span> <span class='ocrx_word' id='word_1_138' title='bbox 1143 3589 1240 3658; x_wconf 83' lang='lat' dir='ltr'><strong>Com·</strong></span> 
     </span>
     <span class='ocr_line' id='line_1_21' title="bbox 120 3694 1240 3786; baseline 0.002 -21"><span class='ocrx_word' id='word_1_139' title='bbox 120 3694 286 3765; x_wconf 85' lang='lat' dir='ltr'><strong>mentarii</strong></span> <span class='ocrx_word' id='word_1_140' title='bbox 306 3695 612 3781; x_wconf 84' lang='lat' dir='ltr'><strong>confirmationem,</strong></span> <span class='ocrx_word' id='word_1_141' title='bbox 642 3704 678 3765; x_wconf 86' lang='lat' dir='ltr'><strong>et</strong></span> <span class='ocrx_word' id='word_1_142' title='bbox 705 3695 846 3766; x_wconf 89' lang='lat' dir='ltr'><strong>eandem</strong></span> <span class='ocrx_word' id='word_1_143' title='bbox 871 3697 1109 3786; x_wconf 82' lang='lat' dir='ltr'><strong>arrogantiam</strong></span> <span class='ocrx_word' id='word_1_144' title='bbox 1132 3699 1240 3768; x_wconf 88' lang='lat' dir='ltr'><strong>conti·</strong></span> 
     </span>
     <span class='ocr_line' id='line_1_22' title="bbox 118 3801 1275 3889; baseline 0.004 -17"><span class='ocrx_word' id='word_1_145' title='bbox 118 3810 242 3889; x_wconf 78' lang='lat' dir='ltr'><strong>rente,</strong></span> <span class='ocrx_word' id='word_1_146' title='bbox 269 3825 384 3874; x_wconf 84' lang='lat' dir='ltr'><strong>secum</strong></span> <span class='ocrx_word' id='word_1_147' title='bbox 406 3803 533 3874; x_wconf 80' lang='lat' dir='ltr'><strong>attulit</strong></span> <span class='ocrx_word' id='word_1_148' title='bbox 554 3801 593 3872; x_wconf 89' lang='lat' dir='ltr'><strong>in</strong></span> <span class='ocrx_word' id='word_1_149' title='bbox 615 3803 753 3873; x_wconf 89' lang='lat' dir='ltr'><strong>Almam</strong></span> <span class='ocrx_word' id='word_1_150' title='bbox 777 3804 915 3874; x_wconf 86' lang='lat' dir='ltr'><strong>Urbem.</strong></span> <span class='ocrx_word' id='word_1_151' title='bbox 941 3804 998 3874; x_wconf 91' lang='lat' dir='ltr'><strong>Ibi</strong></span> <span class='ocrx_word' id='word_1_152' title='bbox 1021 3805 1058 3874; x_wconf 91' lang='lat' dir='ltr'><strong>in</strong></span> <span class='ocrx_word' id='word_1_153' title='bbox 1082 3807 1240 3876; x_wconf 89' lang='lat' dir='ltr'><strong>omnibus</strong></span> <span class='ocrx_word' id='word_1_154' title='bbox 1274 3803 1275 3808; x_wconf 62' lang='grc'>’</span> 
     </span>
     <span class='ocr_line' id='line_1_23' title="bbox 118 3910 1240 4002; baseline 0.005 -24"><span class='ocrx_word' id='word_1_155' title='bbox 118 3910 329 4002; x_wconf 85' lang='lat' dir='ltr'><strong>interpretes</strong></span> <span class='ocrx_word' id='word_1_156' title='bbox 363 3911 488 3981; x_wconf 88' lang='lat' dir='ltr'><strong>habuit</strong></span> <span class='ocrx_word' id='word_1_157' title='bbox 524 3911 619 3980; x_wconf 90' lang='lat' dir='ltr'><strong>viros</strong></span> <span class='ocrx_word' id='word_1_158' title='bbox 648 3911 842 3982; x_wconf 87' lang='lat' dir='ltr'><strong>Maronitas</strong></span> <span class='ocrx_word' id='word_1_159' title='bbox 871 3912 1031 3982; x_wconf 86' lang='lat' dir='ltr'><strong>Isaacum</strong></span> <span class='ocrx_word' id='word_1_160' title='bbox 1058 3911 1240 3984; x_wconf 86' lang='lat' dir='ltr'><strong>Soiadren·</strong></span> 
     </span>
     <span class='ocr_line' id='line_1_24' title="bbox 120 4019 1237 4116; baseline 0.004 -29"><span class='ocrx_word' id='word_1_161' title='bbox 120 4040 210 4106; x_wconf 86' lang='lat' dir='ltr'><strong>sem,</strong></span> <span class='ocrx_word' id='word_1_162' title='bbox 239 4026 278 4088; x_wconf 90' lang='lat' dir='ltr'><strong>et</strong></span> <span class='ocrx_word' id='word_1_163' title='bbox 303 4019 466 4090; x_wconf 86' lang='lat' dir='ltr'><strong>Ioannem</strong></span> <span class='ocrx_word' id='word_1_164' title='bbox 493 4019 729 4089; x_wconf 85' lang='lat' dir='ltr'><strong>Hesronitam.</strong></span> <span class='ocrx_word' id='word_1_165' title='bbox 761 4021 832 4091; x_wconf 90' lang='lat' dir='ltr'><strong>Diu</strong></span> <span class='ocrx_word' id='word_1_166' title='bbox 863 4021 981 4116; x_wconf 90' lang='lat' dir='ltr'><strong>itaque</strong></span> <span class='ocrx_word' id='word_1_167' title='bbox 1016 4021 1237 4112; x_wconf 84' lang='lat' dir='ltr'><strong>disputavit,</strong></span> 
     </span>
     <span class='ocr_line' id='line_1_25' title="bbox 120 4127 1238 4220; baseline 0.006 -26"><span class='ocrx_word' id='word_1_168' title='bbox 120 4148 287 4219; x_wconf 85' lang='lat' dir='ltr'><strong>suamque</strong></span> <span class='ocrx_word' id='word_1_169' title='bbox 313 4127 553 4220; x_wconf 85' lang='lat' dir='ltr'><strong>propugnavit</strong></span> <span class='ocrx_word' id='word_1_170' title='bbox 583 4129 803 4214; x_wconf 87' lang='lat' dir='ltr'><strong>sententiam,</strong></span> <span class='ocrx_word' id='word_1_171' title='bbox 829 4129 947 4216; x_wconf 90' lang='lat' dir='ltr'><strong>donec,</strong></span> <span class='ocrx_word' id='word_1_172' title='bbox 974 4131 1111 4220; x_wconf 85' lang='lat' dir='ltr'><strong>gratiae</strong></span> <span class='ocrx_word' id='word_1_173' title='bbox 1134 4131 1238 4202; x_wconf 86' lang='lat' dir='ltr'><strong>afful-</strong></span> 
     </span>
     <span class='ocr_line' id='line_1_26' title="bbox 119 4233 1239 4330; baseline 0.007 -27"><span class='ocrx_word' id='word_1_174' title='bbox 119 4239 226 4322; x_wconf 77' lang='lat' dir='ltr'><strong>gente</strong></span> <span class='ocrx_word' id='word_1_175' title='bbox 252 4233 402 4324; x_wconf 87' lang='lat' dir='ltr'><strong>lumine,</strong></span> <span class='ocrx_word' id='word_1_176' title='bbox 428 4233 622 4306; x_wconf 84' lang='lat' dir='ltr'><strong>Veritatem</strong></span> <span class='ocrx_word' id='word_1_177' title='bbox 654 4235 818 4328; x_wconf 80' lang='lat' dir='ltr'><strong>agnovit,</strong></span> <span class='ocrx_word' id='word_1_178' title='bbox 844 4244 897 4326; x_wconf 86' lang='lat' dir='ltr'><strong>et,</strong></span> <span class='ocrx_word' id='word_1_179' title='bbox 922 4237 1085 4330; x_wconf 86' lang='lat' dir='ltr'><strong>abjurato</strong></span> <span class='ocrx_word' id='word_1_180' title='bbox 1111 4262 1239 4329; x_wconf 89' lang='lat' dir='ltr'><strong>errore,</strong></span> 
     </span>
    </p>
   </div>
   <div class='ocr_carea' id='block_1_11' title="bbox 0 0 1532 4756">
    <p class='ocr_par' dir='ltr' id='par_1_11' title="bbox 0 0 1532 4756">
     <span class='ocr_line' id='line_1_27' title="bbox 0 0 1532 4756; baseline 0 1"><span class='ocrx_word' id='word_1_181' title='bbox 0 0 1532 4756; x_wconf 95' lang='lat' dir='ltr'><strong> </strong></span> 
     </span>
    </p>
   </div>
  </div>
 </body>
</html>
