3056 4756
602 186 780 255 „87-

130 313 210 380 dam
229 315 285 379 est
300 311 390 400 Regi
404 312 540 401 Regum
564 313 706 382 caelesti
722 337 825 404 super
844 335 1001 382 nummos
1016 313 1247 403 praepositus,
1328 303 1331 309 ’

129 426 165 488 εὴ
176 420 283 488 habet
299 421 458 509 sigillum
473 421 609 510 regium
625 421 737 507 illius,
750 445 816 513 quo
829 421 1049 511 imprimendi
1062 428 1146 490 sunt
1157 447 1250 487 num-

130 529 179 592 mi
193 527 385 594 rationales
401 528 542 618 imperii
566 528 721 618 ipsius...
736 529 808 596 iste
825 553 906 598 vero
921 529 1096 615 Minister,
1113 530 1173 622 qui
1187 529 1252 596 hoc

130 656 273 703 munere
297 636 482 724 fungitur,
500 635 706 704 Patriarcha
730 643 805 720 est,
833 637 930 721 sive,
958 637 988 704 si
1011 637 1091 727 plus
1114 638 1248 728 placet,

131 740 335 810 Catholicus
360 743 410 832 (h.
426 767 455 811 e.
473 743 664 828 Primae)...
682 743 818 834 Itaque,
835 744 893 812 cui
917 745 1087 812 creditum
1112 745 1183 812 fuit
1207 744 1253 812 si·

131 850 259 938 gilium
283 851 359 936 hoc,
376 857 411 919 et
434 851 536 940 cujus
559 853 718 920 manibus
741 857 795 920 est
810 851 988 940 depositus
1003 859 1112 941 typus
1130 851 1252 942 regius

132 959 267 1047 primus
291 965 344 1028 est
359 961 579 1045 Patriarcha·‚
596 961 878 1051 quemadmodum
890 961 1059 1028 Dominus
1074 961 1188 1048 Regni
1201 960 1252 1026 di-

132 1065 188 1134 xit
210 1067 334 1134 Petro:
364 1069 442 1134 Tibi
465 1065 550 1133 dabo
575 1068 684 1134 claves
706 1069 820 1156 Regni
842 1069 1080 1136 coelorum...
1103 1069 1204 1150 Quod
1222 1069 1253 1135 si

131 1173 263 1266 aliquis
288 1197 395 1244 ausus
419 1177 529 1244 fuerit
559 1177 633 1244 sine
655 1176 758 1264 jussu
781 1175 901 1261 illius,
929 1177 986 1244 cui
1009 1185 1118 1267 typus
1143 1177 1252 1245 credi·

130 1289 190 1350 tus
206 1282 292 1368 fuit,
316 1307 472 1352 nummos
496 1285 620 1353 cudere
643 1285 835 1352 rationales
859 1289 894 1353 et
911 1286 1062 1374 signare,
1087 1285 1173 1354 licet
1199 1307 1253 1353 ea·

131 1392 207 1460 dem
232 1415 377 1480 prorsus
400 1393 517 1481 figura
540 1399 575 1461 et
599 1393 830 1460 similitudine
854 1393 930 1461 veri
953 1393 1045 1483 typi;
1071 1398 1250 1478 attamen,

132 1501 215 1592 quia
240 1507 379 1590 praeter
402 1501 674 1590 recognitionem
697 1501 912 1590 Depositarii
927 1501 1044 1589 Regii,
1064 1501 1120 1569 oui
1144 1501 1253 1569 credi-

131 1616 205 1675 tum
222 1609 296 1676 suit
312 1632 437 1676 munus
454 1615 489 1677 et
504 1609 654 1697 signum,
672 1608 903 1677 formidabilis
919 1631 1046 1697 poenae
1059 1610 1188 1697 dignus
1205 1611 1253 1677 el-

131 1715 295 1782 ficitur...
308 1714 402 1794 uuir
417 1737 519 1802 porro
536 1737 621 1804 opus
637 1721 690 1783 est
702 1713 901 1802 hujusmodi
916 1714 1050 1782 verbis?
1062 1715 1251 1784 Consuetu-

132 1823 174 1890 do
197 1845 281 1890 sane
299 1828 441 1891 vetusta
458 1823 634 1891 obtinebat
646 1829 681 1890 et
697 1823 948 1890 observabatur
960 1823 996 1889 in
1005 1822 1164 1890 Ecclesia
1173 1825 1249 1908 Dei,

133 1937 173 1998 ut
189 1922 312 1999 nullus
329 1931 516 1999 Doctorum
529 1933 707 1999 accederet
719 1954 760 1998 ex
773 1954 809 1998 se
821 1932 897 2020 ipso
914 1931 957 1998 ad
974 1931 1127 2022 aliquam
1145 1933 1252 2000 inter·

132 2036 364 2127 pretationem
382 2039 591 2128 (scripturae
609 2038 735 2106 Sacrae
750 2037 929 2124 nimirum)
942 2038 1028 2122 ,⁶vel
1044 2037 1253 2106 Commenta-

132 2147 224 2214 rium
240 2147 495 2236 proferendum,
511 2169 620 2238 neque
635 2147 679 2214 ad
692 2146 986 2214 elucubrationem
1010 2146 1162 2238 aliquam
1176 2171 1252 2215 con·

135 2255 353 2324 scribendam
368 2257 496 2346 absque
513 2255 616 2343 jussu
639 2259 675 2322 ct
693 2253 863 2343 permissu
876 2254 987 2338 illius,
1006 2255 1066 2346 qui
1083 2256 1252 2344 guberna-

133 2363 213 2436 cula
227 2363 441 2432 universalis
456 2361 634 2430 Ecclesiae
651 2361 847 2450 Regiminis
863 2368 971 2448 tenet,
990 2369 1025 2430 et
1040 2365 1251 2431 moderatur:

133 2471 197 2540 hoc
209 2472 310 2540 modo
333 2477 484 2560 egerunt
499 2493 613 2538 omnes
631 2471 692 2562 qui
708 2469 999 2538 Commentarium
1016 2471 1250 2559 protulerunt,

133 2586 168 2648 et
184 2602 290 2670 opera
306 2579 598 2668 conscripserunt;
617 2578 753 2647 scilicet
769 2586 883 2668 opera,
905 2602 991 2670 quae
1008 2581 1255 2668 componebant

133 2689 191 2758 vel
215 2688 534 2776 interpretationes,
561 2692 624 2755 aut
649 2687 907 2770 commentaria,
934 2687 1077 2778 siquae
1101 2688 1251 2756 conscri-

133 2797 275 2880 bebant,
294 2800 478 2886 antequam
495 2795 630 2884 publici
650 2795 744 2884 juris
762 2796 928 2878 facerent,
947 2793 991 2860 ad
1013 2795 1254 2863 Patriarcham
1314 2815 1317 2820 ·

133 2902 337 2986 mittebant,
363 2901 420 2971 vel
443 2901 585 2990 ipsimet
608 2923 648 2968 ea
671 2901 876 2969 afferebant.
904 2900 1114 2968 Patriarcha
1137 2907 1253 2969 autem

132 3009 164 3078 si
187 3009 265 3100 ipse
289 3031 349 3099 per
373 3031 408 3076 se
432 3014 570 3098 poterat
592 3009 790 3076 examinare
814 3008 879 3074 illa
907 3008 1061 3098 scripta,
1088 3009 1124 3077 id
1149 3009 1253 3078 facie·

25 3169 26 3172 ,
132 3119 195 3186 bat
214 3117 323 3207 juxta
347 3116 528 3184 scientiam
551 3117 739 3208 propriam,
766 3115 841 3184 sive
862 3117 1075 3211 admittendo
1091 3139 1131 3184 ea
1147 3117 1254 3184 simul

133 3234 169 3296 et
201 3226 418 3310 coronando,
452 3225 528 3294 sive
558 3226 770 3294 excludendo
804 3227 847 3292 ab
878 3225 1036 3293 Ecclesia
1066 3231 1102 3292 et
1132 3225 1252 3293 conde·

134 3335 284 3404 mnando
302 3361 318 3397 n
344 3333 568 3424 prosequitur
584 3333 661 3400 heic
674 3332 877 3401 Timotheus
893 3333 1048 3422 exempla
1061 3332 1252 3423 antiquita-

132 3444 180 3512 tis
203 3443 243 3510 id
259 3441 502 3510 confirmantia
516 3441 772 3510 adducendo...
792 3448 826 3508 et
841 3440 961 3509 subdit
975 3470 991 3504 a
1004 3441 1035 3508 si
1058 3445 1172 3508 autem
1189 3441 1253 3507 Pa·

131 3550 293 3620 triarcha
314 3572 374 3639 per
391 3572 476 3634 sese,
496 3555 532 3617 et
544 3571 608 3616 sua
620 3549 734 3640 ipsius
750 3549 1001 3638 intelligentia,
1022 3572 1090 3616 non
1107 3553 1184 3616 erat
1199 3570 1253 3616 ca-

131 3680 200 3748 pax
226 3678 371 3724 examen
394 3656 596 3745 hujusmodi
619 3657 830 3746 scriptorum
852 3656 1065 3725 instituendi
1094 3662 1131 3724 et
1153 3655 1253 3745 perfi-

132 3764 262 3850 ciendi,
289 3765 334 3833 ad
357 3765 421 3833 hcc
445 3764 638 3832 advocabat
660 3763 849 3854 Episcopos
873 3765 1003 3854 peritos
1027 3769 1062 3832 et
1085 3764 1253 3832 Doctores

132 3881 297 3964 expertos
321 3872 383 3962 (1);
409 3880 456 3958 et,
482 3872 547 3942 hac
571 3872 717 3958 ratione,
737 3872 986 3940 conficiebatur
1010 3870 1182 3940 communi
1196 3893 1249 3938 eo-

206 4125 250 4203 (1)
268 4130 332 4183 Non
351 4143 418 4183 vero
437 4128 504 4182 hino
522 4125 636 4182 videtur
656 4125 758 4193 teneri,
771 4124 807 4178 ad
820 4126 881 4193 hoc,
894 4125 1039 4192 synodum
1052 4126 1179 4194 aliquam
1189 4124 1256 4192 Epi·

135 4235 294 4288 conpotum,
310 4221 340 4271 et
359 4220 448 4272 multo
467 4219 560 4271 minus
580 4216 782 4270 oecumenicam
801 4215 969 4269 Patriarcha
987 4231 1096 4281 cogere.
