3056 4756
599 173 645 190 -w
666 134 731 204 101
754 174 798 190 ·-

135 258 371 333 orthodoxiae
402 259 637 347 christianae,
669 261 821 330 Coronae
853 261 1027 352 fulgenti,
1053 262 1148 333 sicut
1171 264 1256 352 Sol,

134 367 379 458 splendoribus
394 370 613 458 magnificis,
635 369 756 439 domus
778 369 918 438 Domini
940 370 1064 440 Nostri
1088 372 1256 462 propriis,

137 477 241 567 cujus
264 477 375 546 radiis
400 477 664 567 gloriosissimis
688 486 723 548 et
738 478 1036 569 intelligibilibus,
1062 502 1080 550 e
1109 479 1259 570 sphaere

138 585 216 676 ejus
239 585 454 655 nitidissime
477 587 766 672 elucescentibus,
792 594 829 656 et
852 610 894 656 ex
918 586 1020 678 cujus
1043 587 1130 660 Sede
1152 589 1259 681 peril·

137 692 260 779 lustri,
286 718 479 763 aesomnes
504 696 744 762 illuminamur
766 694 830 782 (1).

208 804 305 884 Quae
328 802 487 894 loquutio
504 803 732 894 quantumvis
748 803 903 892 figurata
918 809 954 871 et
970 803 1066 893 stylo
1081 803 1257 892 orientali,

139 909 182 981 de
205 934 310 996 more,
329 911 378 978 sit
401 915 521 980 ornate
544 911 650 996 dicta,
665 911 756 980 illud
779 912 1011 1003 tamen,quod
1034 934 1185 1002 peream
1209 915 1260 982 in·

138 1018 309 1102 tenditur,
335 1019 390 1086 ita
412 1027 466 1088 est
488 1019 769 1108 intelligendum,
788 1025 841 1104 ut,
860 1019 902 1104 si,
921 1019 959 1087 in
981 1027 1093 1090 mente
1109 1021 1261 1090 Petrier·

139 1127 249 1213 chae,
273 1129 450 1196 Romanus
480 1127 642 1196 Pontifex
673 1127 710 1194 in
741 1127 988 1212 decernendis,
1015 1151 1102 1219 quae
1128 1129 1259 1199 deiide

140 1236 200 1306 vel
224 1237 375 1305 moribus
399 1237 548 1305 suntab
572 1236 730 1304 omnibus
754 1235 935 1320 credenda,
966 1236 1120 1326 turpiter
1142 1245 1261 1327 posset

140 1366 272 1430 errare,
297 1351 334 1413 et
357 1345 394 1412 iu
417 1367 567 1413 errorem
594 1367 735 1434 gregem
758 1341 892 1413 Christi
923 1343 1100 1427 inducere,
1134 1345 1261 1415 ridicu·

139 1450 236 1520 lusae
248 1451 430 1520 admodum
447 1459 573 1537 essent,
587 1458 623 1520 et
638 1473 781 1541 prorsus
797 1450 1073 1541 incompatibiles
1090 1451 1261 1522 illectam

140 1559 336 1650 emphatice
360 1582 542 1651 expressae
566 1559 828 1628 attributiones.
847 1559 948 1641 Quod
972 1559 1117 1652 quisque
1133 1582 1194 1650 per
1210 1583 1257 1645 se,

140 1689 280 1736 sensum
303 1669 487 1736 verborum
511 1667 770 1752 considerando
796 1673 832 1735 et
855 1690 931 1736 cum
954 1667 1186 1756 possibilitate
1209 1690 1260 1737 er·

137 1775 232 1844 roris
254 1775 291 1843 in
315 1775 475 1846 Decretis
498 1775 612 1868 Papae
635 1797 678 1844 ex
706 1773 876 1844 cathedra
897 1773 1114 1859 conferendo,
1132 1774 1262 1866 perspi·

140 1905 220 1952 cere
243 1881 349 1952 facile
373 1886 497 1974 potest.

208 1989 260 2059 Et
282 1989 360 2059 heic
384 1991 464 2058 finis
488 1989 539 2057 sit
560 1988 669 2078 hujus
696 1989 822 2080 cepitis
845 1989 964 2074 tertii,
991 1994 1027 2058 et
1050 1988 1260 2058 demonstra·

140 2100 262 2185 tionis,
282 2123 397 2191 quam,
417 2099 455 2166 in
478 2099 553 2182 illo,
572 2121 634 2170 ceu
657 2121 718 2189 per
748 2097 970 2166 corollarium
993 2121 1012 2166 e
1035 2097 1168 2166 duobus
1190 2099 1260 2189 pri·

141 2208 210 2276 mis
233 2208 406 2298 capitibus
428 2205 644 2296 suscepimus
667 2205 889 2289 efficiendam,
908 2205 950 2273 de
964 2204 1063 2273 Rom.
1078 2205 1260 2275 Pontificio

140 2315 179 2383 in
203 2315 477 2399 definitionibus,
495 2337 538 2383 ex
562 2313 739 2397 cathedra,
755 2314 792 2380 in
808 2313 910 2380 rebus
933 2311 978 2382 ad
1000 2313 1101 2381 fidem
1118 2313 1175 2382 vel
1192 2336 1259 2382 mo·

141 2444 198 2491 res
222 2424 491 2512 pertinentibus,
519 2419 852 2491 INERRANTIAE
877 2419 1084 2510 privilegio,
1104 2419 1258 2509 ipsorum

140 2528 623 2600 Chaldaeo-Nestorianorum
636 2529 869 2614 Documentis,
888 2527 1063 2620 avitisque
1082 2527 1258 2618 Apostoli·

142 2660 203 2707 cae
215 2638 433 2707 Traditionis
447 2637 690 2722 MonumentiS,
705 2660 773 2705 non
790 2637 944 2721 obscure,
957 2635 1261 2728 aequivalentibus

141 2744 227 2815 licet
250 2747 379 2833 verbis,
405 2754 550 2848 asserto,
576 2745 788 2838 praedicato,
812 2751 916 2836 etque
939 2743 1168 2834 comprobato.

207 3061 256 3139 Ι(1)
275 3064 319 3120 Eu
336 3065 451 3132 integre
469 3064 557 3120 verba
576 3063 740 3132 originalis,
760 3075 832 3130 quoe
852 3075 939 3129 supra
958 3060 990 3116 tn
1009 3075 1034 3115 c.
1048 3059 1075 3115 2.
1090 3060 1194 3115 mutila
1211 3057 1260 3115 ed·

143 3179 234 3234 duxi:
274 3157 362 3274 ·,⁵>5
381 3153 467 3260 iuss
497 3157 629 3243 Lei-³
663 3165 786 3280 Ἠὼς
820 3153 976 3246 eree.
1005 3157 1261 3251 §oeni-ma

142 3305 251 3405 meleu
282 3305 318 3405 “i
348 3328 417 3422 V*
446 3308 659 3422 &sebee
683 3306 836 3386 aseae
870 3289 1034 3398 essem
1067 3298 1261 3398 *settle-se

140 3439 254 3562 usse)
288 3447 398 3564 'Vh
424 3436 596 3566 Ysaiaor'slue
629 3449 786 3548 l-ssgr'e*
817 3448 954 3541 operies
988 3464 1075 3557 §.ape
1108 3430 1261 3522 ‚iissem

283 3584 453 3707 ,(μιεω
480 3589 541 3686 ser
571 3587 772 3678 „eaesae
801 3593 892 3654 „aa
923 3603 975 3666 es
1005 3561 1160 3680 tessus
1188 3581 1262 3676 au

466 3928 946 3969 w
