3046 4756
577 217 779 296 -1434-

113 358 280 428 Sermone
303 357 445 448 majoris
469 357 592 426 saltem
616 356 730 447 partis
753 355 853 425 illins
867 353 1044 424 Ecclesiae
1064 354 1234 423 usitatam

112 491 182 536 non
206 465 362 558 potuisse
383 464 523 556 populis
545 465 621 534 illis
643 465 681 532 in
704 488 810 533 unam
833 457 1002 532 familiam
1025 461 1236 531 ecclesiasti·

113 597 189 644 cam
215 573 403 662 compactis
426 572 483 640 sui
506 571 619 662 ipsine
643 570 966 654 denominationem,
987 591 1070 658 prae
1093 569 1232 654 ceteris,

111 705 182 751 non
200 681 387 771 imponere.
406 680 527 750 Nonne
551 679 724 749 cernimus
748 679 901 747 Graecos
924 699 985 768 per
1009 676 1183 745 Orientem
1201 683 1238 746 et

111 791 219 875 alias,
234 789 344 858 simili
359 789 400 857 de
413 810 548 874 caussa,
567 788 747 872 Romaaos,
766 791 801 856 et
816 786 1017 855 Catholicae
1039 785 1238 876 Religionis

114 998 304 1010 .....—...--·

112 1113 151 1165 lis
162 1125 337 1177 nuncupare,
350 1124 433 1176 quum
448 1107 607 1162 interillos
622 1107 773 1162 discrimen
788 1111 837 1162 aut
849 1108 968 1174 uallum,
987 1107 1037 1159 aut
1046 1105 1179 1159 levitatis
1190 1107 1236 1160 vel

113 1202 259 1254 novitatis
272 1215 373 1253 caussa
392 1199 481 1253 nihili
499 1199 668 1266 iaciendum,
689 1199 865 1252 intercedere
883 1201 1054 1266 compertum
1079 1197 1129 1250 sit.
1149 1199 1237 1251 Porro

112 1291 319 1357 Mesopotamia
331 1305 409 1366 ¹(piraeo
429 1293 473 1342 est
491 1290 575 1344 Aram
586 1291 686 1344 Sacrae
694 1279 875 1358 Scripturas,
891 1294 921 1343 et
932 1289 1045 1344 nomine
1059 1287 1159 1354 Syriae
1173 1303 1236 1355 pas-

114 1383 168 1435 sim
180 1399 198 1434 a
218 1381 333 1434 Graecis
353 1385 382 1434 et
400 1383 535 1436 Romanis
556 1383 686 1450 profanis
706 1384 904 1450 scriptoribus,
925 1387 954 1436 et
973 1385 1109 1451 perpetuo
1124 1382 1189 1435 dein
1203 1384 1237 1436 ab

114 1469 319 1524 ecelesiasticis
339 1469 517 1538 designatur,
531 1471 654 1524 eamdem
667 1473 702 1525 ab
722 1473 809 1525 initio
822 1471 987 1538 possidebat
1006 1473 1133 1537 linguam
1153 1476 1238 1538 atque

113 1559 258 1627 Aramaei,
269 1560 393 1628 Assyrii,
406 1563 436 1612 et
453 1561 608 1626 Babylonii
631 1577 680 1614 seu
700 1561 850 1615 chaldaei.
874 1562 952 1626 Quod
964 1565 1009 1615 est
1028 1565 1111 1614 extre
1131 1577 1238 1614 omnem

114 1649 326 1702 dubitationem
344 1650 478 1716 positum.
498 1651 630 1704 Jamvero
652 1665 737 1704 aurea
765 1654 845 1704 aetas
869 1651 955 1718 hujus
978 1651 1093 1715 linguae
1116 1653 1238 1716 quatuor

114 1738 173 1790 fuit
186 1739 234 1790 vel
249 1736 373 1804 quinque
386 1738 539 1804 primorum
552 1754 569 1790 a
581 1737 697 1791 Christo
711 1742 779 1792 nato
794 1741 978 1806 saeculorum,
991 1740 1105 1806 quibus,
1117 1741 1148 1790 et
1157 1754 1237 1806 prae·

114 1829 171 1882 eise
181 1829 214 1880 in
226 1827 417 1880 nobilissimis
435 1827 535 1893 Syriae
549 1828 635 1896 hujus
646 1823 688 1902 (⁶)
705 1829 832 1896 urbibus,
852 1828 947 1882 Nisibi
962 1829 1096 1880 nimirum
1111 1831 1140 1880 et
1152 1826 1237 1881 Edes-

116 1919 170 1984 sai,
186 1919 329 1970 excultam
347 1919 402 1970 illa
415 1917 447 1968 iu
462 1933 571 1970 summa
581 1919 707 1986 puritate
721 1923 750 1972 et
763 1919 910 1985 elegantia
921 1933 983 1971 sese
996 1919 1122 1970 exhibet.
1134 1915 1237 1984 Atque,

116 2008 160 2060 uti
174 2023 209 2060 ex
228 2001 316 2060 dietis
335 2011 424 2075 patet,
433 2009 492 2076 jam
504 2024 537 2060 ea
550 2011 644 2061 aetate
658 2008 693 2061 ab
705 2006 862 2075 indigenis,
879 2009 964 2062 sicuti
978 2009 1013 2061 ab
1027 2007 1135 2060 exteris
1149 2007 1237 2072 Regio

115 2099 169 2150 illa
188 2113 246 2149 non
266 2097 388 2163 amplius
407 2096 544 2150 Aramaea
558 2097 607 2151 sed
620 2097 714 2164 Syria,
729 2101 815 2164 atque
829 2097 955 2166 ejusdem
969 2098 1124 2152 uernacula
1136 2098 1239 2161 lingua

116 2203 188 2254 quae
206 2185 313 2239 ibidem
331 2188 452 2240 maxime
472 2189 585 2240 exculta
598 2188 806 2255 celebrabatur,
820 2203 876 2240 non
890 2187 1029 2242 hramaea
1040 2186 1090 2238 sed
1111 2185 1238 2252 Syriaca

117 2277 173 2330 dici
190 2276 347 2329 consuevit.
364 2275 441 2338 Quae
461 2281 584 2334 catorum
604 2275 798 2329 denominatio
822 2275 914 2342 quoad
936 2274 1087 2328 interioris
1105 2273 1190 2327 Asiae
1210 2277 1240 2326 et

116 2366 217 2433 Syrias
235 2369 332 2432 partos
351 2381 404 2418 usu
417 2367 546 2419 invaluit
558 2365 621 2418 ideo
635 2367 730 2433 etiam,
746 2365 821 2434 quod
833 2367 902 2419 inde
914 2365 1077 2431 Religionis
1091 2363 1237 2418 Christia-

115 2471 168 2508 nae
178 2459 337 2508 Praecones
350 2459 379 2508 ot
389 2455 474 2508 Ritus
493 2458 593 2521 gentes
613 2457 682 2509 illae
696 2457 873 2524 acceperunt,
889 2457 920 2508 in
933 2455 988 2509 illa
1001 2455 1116 2522 quidem
1127 2455 1236 2523 lingua,

116 2561 187 2616 quae
200 2545 366 2599 licetaliam
385 2545 642 2600 denominationem
660 2561 782 2614 eousque
802 2543 978 2612 possederat,
988 2546 1054 2614 juro
1073 2547 1167 2598 tamen
1186 2544 1237 2611 Sy·

113 2638 221 2690 riaoam
240 2637 287 2689 vel
305 2636 364 2714 ipsi
382 2635 519 2690 chaldaei
547 2639 693 2704 appellare
718 2637 899 2701 maluerunt,
920 2638 981 2687 tum
1002 2635 1079 2688 dicta
1098 2634 1132 2688 de
1151 2651 1251 2689 causa.

112 2726 288 2793 Religionis,
310 2729 369 2778 tum
390 2728 425 2779 ob
444 2728 585 2779 culturam
598 2731 627 2780 et
639 2727 835 2779 celebritatem
850 2726 964 2791 quasin
978 2725 1235 2792 Syrianactaiuit.

112 2815 219 2869 Eodem
243 2815 323 2868 modo
337 2817 437 2882 lingua
454 2815 555 2869 italica
573 2799 856 2869 diciturRlorentina
872 2817 920 2868 vel
934 2818 1094 2868 Pharaone.
1109 2815 1238 2868 (laterum

111 2923 169 2960 non
191 2904 296 2958 desunt
314 2905 362 2958 hic
381 2907 443 2959 illic
471 2906 711 2959 denominationis
739 2907 874 2972 antiquae
889 2905 917 2958 h.
940 2922 963 2958 e.
985 2903 1157 2973 Aramaeae,
1178 2909 1238 2960 loco

112 2995 259 3063 Syriacae,
280 2998 409 3064 exempla
428 2997 514 3050 etiam
527 3012 613 3064 penes
632 2997 775 3050 Ecclesiae
795 2996 978 3050 christianae
997 2997 1169 3064 Scriptores.
1184 2998 1238 3051 Re-

112 3086 291 3140 centioribus
309 3103 376 3140 vero
395 3103 451 3139 non
471 3088 625 3152 incongrue
645 3087 774 3152 linguam
794 3087 868 3140 haue
886 3086 1063 3155 Aramaeam,
1075 3087 1237 3154 Syro-chal-

113 3177 225 3231 daicam
245 3178 391 3244 appellare
411 3177 501 3230 lubet.

186 3451 230 3530 (⁰)
249 3456 316 3523 Syri
335 3457 496 3511 orientales
515 3471 565 3510 sen
584 3456 721 3510 Chaldaei
740 3456 915 3512 conveniunt
934 3457 1089 3522 Regionem
1108 3459 1233 3523 Mesopo-

114 3547 221 3601 tamiae
241 3561 311 3613 quae
331 3550 416 3600 antea
433 3545 571 3600 Aramaoa
590 3545 747 3614 dicebatur,
770 3561 803 3598 ex
824 3561 877 3614 quo
898 3545 1013 3614 quidam
1028 3546 1127 3614 Syrus,
1147 3547 1237 3600 iuter·

115 3638 188 3690 lecto
207 3629 417 3704 patre,ibideri1
437 3636 581 3704 regnavit,
602 3635 704 3702 Syriae
723 3652 823 3689 nomen
839 3637 997 3703 accepisse,
1019 3639 1048 3690 et
1066 3653 1163 3703 puram
1183 3638 1238 3690 lin·

16 3755 17 3782 ;
114 3743 197 3794 guam
216 3726 364 3792 Syriacam
382 3724 505 3779 eamdem
524 3741 584 3779 cum
602 3725 740 3779 Aramaea
768 3726 890 3793 antiqua
915 3741 986 3792 osse,
1007 3725 1136 3792 bonoque
1159 3741 1237 3780 suam

16 3819 17 3834 ¹
115 3817 260 3885 propriam
280 3833 351 3870 esse.
378 3816 425 3870 Sic
443 3817 583 3870 asseritur
602 3817 633 3868 in
652 3815 753 3870 (lodice
772 3832 839 3869 mss.
861 3814 1037 3882 chaldaico,
1066 3817 1111 3869 cui
1135 3816 1238 3869 titulus

114 3907 305 3961 Grammatiea
322 3909 340 3960 J
342 3909 501 3960 esu-Barnu
519 3907 714 3974 Patriarchae,
732 3907 889 3960 saecvlll.
904 3908 934 3958 et
946 3907 977 3958 in
992 3909 1082 3959 altero
1099 3907 1238 3959 vetustis·

16 4039 20 4076 ¹.
115 3999 185 4052 simo
200 3999 245 4052 cui
258 3999 363 4052 titulus
379 3999 570 4065 «Explauatio
585 3999 735 4052 verborum
749 3997 938 4062 obscurorum,
959 4011 1029 4064 quae
1044 3996 1153 4048 suntin
1166 3997 1234 4049 Peu-

116 4092 238 4156 tateuoo,
261 4091 397 4156 excerpta
415 4105 450 4141 ex
466 4089 676 4142 commentariis
696 4085 852 4153 Theodori,
869 4090 898 4139 et
910 4087 1062 4140 Doctorum
1084 4085 1236 4153 Syrorum,

116 4179 190 4232 seila
202 4178 352 4246 Ephraem,
365 4179 384 4233 J
385 4179 496 4246 oannis,
510 4177 675 4246 Abrahami,
696 4176 845 4230 Michaelis
865 4177 894 4228 et
913 4179 1101 4244 ceterorum»,
1117 4191 1168 4230 neo
1180 4191 1238 4228 uon

114 4271 145 4321 in
159 4268 235 4323 libro
251 4269 395 4323 Paradisi.
416 4269 494 4323 Edon
514 4268 657 4338 Ebedy'esu
677 4267 811 4321 Sobensis
830 4267 862 4319 iu
882 4265 1071 4334 praefatione.
