<?xml version="1.0" encoding="UTF-8"?>
<!DOCTYPE html PUBLIC "-//W3C//DTD XHTML 1.0 Transitional//EN"
    "http://www.w3.org/TR/xhtml1/DTD/xhtml1-transitional.dtd">
<html xmlns="http://www.w3.org/1999/xhtml" xml:lang="en" lang="en">
 <head>
  <title>
</title>
<meta http-equiv="Content-Type" content="text/html;charset=utf-8" />
  <meta name='ocr-system' content='tesseract 3.04.00' />
  <meta name='ocr-capabilities' content='ocr_page ocr_carea ocr_par ocr_line ocrx_word'/>
</head>
<body>
  <div class='ocr_page' id='page_1' title='image "./syriorientaless00khaygoog_0142.png"; bbox 0 0 3056 4756; ppageno 0'>
   <div class='ocr_carea' id='block_1_1' title="bbox 612 226 813 295">
    <p class='ocr_par' dir='ltr' id='par_1_1' title="bbox 612 226 813 295">
     <span class='ocr_line' id='line_1_1' title="bbox 612 226 813 295; baseline -0.005 0"><span class='ocrx_word' id='word_1_1' title='bbox 612 226 813 295; x_wconf 79' lang='lat'>-121-</span> 
     </span>
    </p>
   </div>
   <div class='ocr_carea' id='block_1_2' title="bbox 159 347 1284 1529">
    <p class='ocr_par' dir='ltr' id='par_1_2' title="bbox 159 347 1284 1529">
     <span class='ocr_line' id='line_1_2' title="bbox 228 347 1280 443; baseline -0.009 -17"><span class='ocrx_word' id='word_1_2' title='bbox 228 358 280 426; x_wconf 91' lang='lat' dir='ltr'>De</span> <span class='ocrx_word' id='word_1_3' title='bbox 302 353 499 426; x_wconf 83' lang='lat' dir='ltr'>canonibus</span> <span class='ocrx_word' id='word_1_4' title='bbox 514 351 623 443; x_wconf 79' lang='lat' dir='ltr'>vulgo</span> <span class='ocrx_word' id='word_1_5' title='bbox 637 351 800 436; x_wconf 78' lang='lat' dir='ltr'>arabicis,</span> <span class='ocrx_word' id='word_1_6' title='bbox 820 373 965 442; x_wconf 88' lang='lat' dir='ltr'>quorum</span> <span class='ocrx_word' id='word_1_7' title='bbox 985 349 1202 441; x_wconf 77' lang='lat' dir='ltr'><strong>antiquiores</strong></span> <span class='ocrx_word' id='word_1_8' title='bbox 1218 347 1280 420; x_wconf 85' lang='lat' dir='ltr'>Ni·</span> 
     </span>
     <span class='ocr_line' id='line_1_3' title="bbox 160 457 1281 553; baseline -0.005 -21"><span class='ocrx_word' id='word_1_9' title='bbox 160 463 475 546; x_wconf 85' lang='lat' dir='ltr'>caeno—Sardiceni</span> <span class='ocrx_word' id='word_1_10' title='bbox 490 466 630 553; x_wconf 76' lang='lat' dir='ltr'>possent</span> <span class='ocrx_word' id='word_1_11' title='bbox 647 461 737 528; x_wconf 83' lang='lat' dir='ltr'>forte</span> <span class='ocrx_word' id='word_1_12' title='bbox 753 459 937 549; x_wconf 90' lang='lat' dir='ltr'>appellari,</span> <span class='ocrx_word' id='word_1_13' title='bbox 953 459 1034 526; x_wconf 91' lang='lat' dir='ltr'>aliis</span> <span class='ocrx_word' id='word_1_14' title='bbox 1049 459 1208 547; x_wconf 84' lang='lat' dir='ltr'>deinceps</span> <span class='ocrx_word' id='word_1_15' title='bbox 1222 457 1281 526; x_wconf 91' lang='lat' dir='ltr'>ad-</span> 
     </span>
     <span class='ocr_line' id='line_1_4' title="bbox 159 566 1278 660; baseline -0.009 -17"><span class='ocrx_word' id='word_1_16' title='bbox 159 575 248 644; x_wconf 91' lang='lat' dir='ltr'>ditis</span> <span class='ocrx_word' id='word_1_17' title='bbox 271 573 415 640; x_wconf 80' lang='lat' dir='ltr'>aliunde</span> <span class='ocrx_word' id='word_1_18' title='bbox 438 571 624 660; x_wconf 79' lang='lat' dir='ltr'>congestis,</span> <span class='ocrx_word' id='word_1_19' title='bbox 643 569 730 637; x_wconf 90' lang='lat' dir='ltr'>satis</span> <span class='ocrx_word' id='word_1_20' title='bbox 745 569 876 636; x_wconf 89' lang='lat' dir='ltr'>dictum</span> <span class='ocrx_word' id='word_1_21' title='bbox 892 573 958 653; x_wconf 91' lang='lat' dir='ltr'>est,</span> <span class='ocrx_word' id='word_1_22' title='bbox 984 567 1067 635; x_wconf 90' lang='lat' dir='ltr'>data</span> <span class='ocrx_word' id='word_1_23' title='bbox 1090 566 1278 652; x_wconf 85' lang='lat' dir='ltr'>occasione,</span> 
     </span>
     <span class='ocr_line' id='line_1_5' title="bbox 160 675 1282 772; baseline -0.008 -23"><span class='ocrx_word' id='word_1_24' title='bbox 160 683 200 750; x_wconf 92' lang='lat' dir='ltr'>in</span> <span class='ocrx_word' id='word_1_25' title='bbox 224 705 367 772; x_wconf 91' lang='lat' dir='ltr'>corpore</span> <span class='ocrx_word' id='word_1_26' title='bbox 390 680 498 768; x_wconf 89' lang='lat' dir='ltr'>hujus</span> <span class='ocrx_word' id='word_1_27' title='bbox 521 678 701 768; x_wconf 90' lang='lat' dir='ltr'>Opusonli.</span> <span class='ocrx_word' id='word_1_28' title='bbox 728 676 949 766; x_wconf 81' lang='lat' dir='ltr'>Superfluum</span> <span class='ocrx_word' id='word_1_29' title='bbox 973 676 1091 767; x_wconf 87' lang='lat' dir='ltr'>itaque</span> <span class='ocrx_word' id='word_1_30' title='bbox 1121 675 1192 742; x_wconf 91' lang='lat' dir='ltr'>alia</span> <span class='ocrx_word' id='word_1_31' title='bbox 1223 696 1282 764; x_wconf 90' lang='lat' dir='ltr'>ap·</span> 
     </span>
     <span class='ocr_line' id='line_1_6' title="bbox 160 782 1279 883; baseline -0.005 -25"><span class='ocrx_word' id='word_1_32' title='bbox 160 793 306 883; x_wconf 82' lang='lat' dir='ltr'>pingere</span> <span class='ocrx_word' id='word_1_33' title='bbox 323 791 417 859; x_wconf 88' lang='lat' dir='ltr'>ciroa</span> <span class='ocrx_word' id='word_1_34' title='bbox 431 791 580 856; x_wconf 88' lang='lat' dir='ltr'>famosos</span> <span class='ocrx_word' id='word_1_35' title='bbox 599 787 700 856; x_wconf 91' lang='lat' dir='ltr'>hosce</span> <span class='ocrx_word' id='word_1_36' title='bbox 717 785 884 868; x_wconf 85' lang='lat' dir='ltr'>Canones,</span> <span class='ocrx_word' id='word_1_37' title='bbox 903 807 1048 874; x_wconf 91' lang='lat' dir='ltr'>quorum</span> <span class='ocrx_word' id='word_1_38' title='bbox 1062 782 1279 866; x_wconf 83' lang='lat' dir='ltr'>Auctoritae,</span> 
     </span>
     <span class='ocr_line' id='line_1_7' title="bbox 161 891 1283 992; baseline -0.011 -24"><span class='ocrx_word' id='word_1_39' title='bbox 161 899 334 992; x_wconf 88' lang='lat' dir='ltr'>quidquid</span> <span class='ocrx_word' id='word_1_40' title='bbox 348 898 487 966; x_wconf 87' lang='lat' dir='ltr'>dicatur</span> <span class='ocrx_word' id='word_1_41' title='bbox 500 897 540 964; x_wconf 93' lang='lat' dir='ltr'>de</span> <span class='ocrx_word' id='word_1_42' title='bbox 552 895 736 964; x_wconf 83' lang='lat' dir='ltr'>eorundem</span> <span class='ocrx_word' id='word_1_43' title='bbox 750 893 930 983; x_wconf 77' lang='lat' dir='ltr'>genuitate</span> <span class='ocrx_word' id='word_1_44' title='bbox 949 896 986 959; x_wconf 90' lang='lat' dir='ltr'>et</span> <span class='ocrx_word' id='word_1_45' title='bbox 996 891 1144 980; x_wconf 86' lang='lat' dir='ltr'>origine,</span> <span class='ocrx_word' id='word_1_46' title='bbox 1162 894 1283 980; x_wconf 89' lang='lat' dir='ltr'>utpote</span> 
     </span>
     <span class='ocr_line' id='line_1_8' title="bbox 159 999 1283 1090; baseline -0.009 -13"><span class='ocrx_word' id='word_1_47' title='bbox 159 1007 338 1089; x_wconf 89' lang='lat' dir='ltr'>relativa,</span> <span class='ocrx_word' id='word_1_48' title='bbox 363 1010 401 1074; x_wconf 91' lang='lat' dir='ltr'>et</span> <span class='ocrx_word' id='word_1_49' title='bbox 428 1004 472 1073; x_wconf 89' lang='lat' dir='ltr'>ad</span> <span class='ocrx_word' id='word_1_50' title='bbox 503 1009 651 1072; x_wconf 89' lang='lat' dir='ltr'>mentem</span> <span class='ocrx_word' id='word_1_51' title='bbox 680 1002 909 1085; x_wconf 87' lang='lat' dir='ltr'>Nostratum,</span> <span class='ocrx_word' id='word_1_52' title='bbox 936 999 1019 1090; x_wconf 89' lang='lat' dir='ltr'>qui,</span> <span class='ocrx_word' id='word_1_53' title='bbox 1046 999 1176 1066; x_wconf 89' lang='lat' dir='ltr'>similes</span> <span class='ocrx_word' id='word_1_54' title='bbox 1202 999 1283 1067; x_wconf 90' lang='lat' dir='ltr'>aliis</span> 
     </span>
     <span class='ocr_line' id='line_1_9' title="bbox 160 1107 1282 1198; baseline -0.009 -15"><span class='ocrx_word' id='word_1_55' title='bbox 160 1113 412 1198; x_wconf 82' lang='lat' dir='ltr'>Orientalibus,</span> <span class='ocrx_word' id='word_1_56' title='bbox 438 1111 574 1180; x_wconf 88' lang='lat' dir='ltr'>eosdem</span> <span class='ocrx_word' id='word_1_57' title='bbox 597 1110 653 1178; x_wconf 91' lang='lat' dir='ltr'>uti</span> <span class='ocrx_word' id='word_1_58' title='bbox 676 1109 847 1180; x_wconf 88' lang='lat' dir='ltr'>Nicaenos</span> <span class='ocrx_word' id='word_1_59' title='bbox 871 1107 1060 1198; x_wconf 90' lang='lat' dir='ltr'>recipiunt,</span> <span class='ocrx_word' id='word_1_60' title='bbox 1085 1129 1282 1176; x_wconf 87' lang='lat' dir='ltr'>mensuran-</span> 
     </span>
     <span class='ocr_line' id='line_1_10' title="bbox 159 1215 1284 1308; baseline -0.006 -17"><span class='ocrx_word' id='word_1_61' title='bbox 159 1224 225 1308; x_wconf 92' lang='lat' dir='ltr'>da,</span> <span class='ocrx_word' id='word_1_62' title='bbox 258 1223 401 1290; x_wconf 83' lang='lat' dir='ltr'>maximi</span> <span class='ocrx_word' id='word_1_63' title='bbox 424 1227 478 1290; x_wconf 87' lang='lat' dir='ltr'>est</span> <span class='ocrx_word' id='word_1_64' title='bbox 507 1220 678 1290; x_wconf 86' lang='lat' dir='ltr'>iacienda.</span> <span class='ocrx_word' id='word_1_65' title='bbox 711 1219 762 1286; x_wconf 88' lang='lat' dir='ltr'>De</span> <span class='ocrx_word' id='word_1_66' title='bbox 790 1218 913 1287; x_wconf 90' lang='lat' dir='ltr'>iisdem</span> <span class='ocrx_word' id='word_1_67' title='bbox 943 1216 1092 1284; x_wconf 90' lang='lat' dir='ltr'>multum</span> <span class='ocrx_word' id='word_1_68' title='bbox 1123 1215 1284 1306; x_wconf 88' lang='lat' dir='ltr'>disputat</span> 
     </span>
     <span class='ocr_line' id='line_1_11' title="bbox 161 1323 1283 1418; baseline -0.012 -16"><span class='ocrx_word' id='word_1_69' title='bbox 161 1334 224 1406; x_wconf 82' lang='lat' dir='ltr'>cit.</span> <span class='ocrx_word' id='word_1_70' title='bbox 250 1329 507 1414; x_wconf 85' lang='lat' dir='ltr'>anhellensis,</span> <span class='ocrx_word' id='word_1_71' title='bbox 533 1327 572 1396; x_wconf 88' lang='lat' dir='ltr'>in</span> <span class='ocrx_word' id='word_1_72' title='bbox 595 1349 695 1418; x_wconf 89' lang='lat' dir='ltr'>opere</span> <span class='ocrx_word' id='word_1_73' title='bbox 719 1326 803 1411; x_wconf 83' lang='lat' dir='ltr'>cit,</span> <span class='ocrx_word' id='word_1_74' title='bbox 830 1325 888 1394; x_wconf 90' lang='lat' dir='ltr'>oni</span> <span class='ocrx_word' id='word_1_75' title='bbox 911 1330 1029 1394; x_wconf 89' lang='lat' dir='ltr'>tamen</span> <span class='ocrx_word' id='word_1_76' title='bbox 1056 1346 1124 1392; x_wconf 90' lang='lat' dir='ltr'>non</span> <span class='ocrx_word' id='word_1_77' title='bbox 1147 1323 1184 1392; x_wconf 89' lang='lat' dir='ltr'>in</span> <span class='ocrx_word' id='word_1_78' title='bbox 1207 1328 1283 1391; x_wconf 90' lang='lat' dir='ltr'>toto</span> 
     </span>
     <span class='ocr_line' id='line_1_12' title="bbox 160 1437 373 1529; baseline -0.005 -22"><span class='ocrx_word' id='word_1_79' title='bbox 160 1437 373 1529; x_wconf 89' lang='lat' dir='ltr'>adstipulor.</span> 
     </span>
    </p>
   </div>
   <div class='ocr_carea' id='block_1_3' title="bbox 158 1868 1512 2393">
    <p class='ocr_par' dir='ltr' id='par_1_3' title="bbox 158 1868 1512 2393">
     <span class='ocr_line' id='line_1_13' title="bbox 194 1868 1512 1961; baseline -0.005 -21"><span class='ocrx_word' id='word_1_80' title='bbox 194 1881 198 1896; x_wconf 54' lang='lat'><strong>⁸</strong></span> <span class='ocrx_word' id='word_1_81' title='bbox 221 1871 397 1961; x_wconf 86' lang='lat' dir='ltr'>Dadjesus</span> <span class='ocrx_word' id='word_1_82' title='bbox 406 1871 456 1957; x_wconf 88' lang='lat'>(1)</span> <span class='ocrx_word' id='word_1_83' title='bbox 466 1869 717 1940; x_wconf 80' lang='lat' dir='ltr'>Seleuciensem</span> <span class='ocrx_word' id='word_1_84' title='bbox 729 1868 962 1960; x_wconf 87' lang='lat' dir='ltr'>primatialem</span> <span class='ocrx_word' id='word_1_85' title='bbox 974 1869 1139 1937; x_wconf 90' lang='lat' dir='ltr'>thronum</span> <span class='ocrx_word' id='word_1_86' title='bbox 1152 1868 1284 1938; x_wconf 85' lang='lat' dir='ltr'>an.430</span> <span class='ocrx_word' id='word_1_87' title='bbox 1327 1884 1442 1942; x_wconf 70' lang='lat' dir='ltr'>nautam</span> <span class='ocrx_word' id='word_1_88' title='bbox 1468 1888 1512 1944; x_wconf 74' lang='lat' dir='ltr'>sy-</span> 
     </span>
     <span class='ocr_line' id='line_1_14' title="bbox 162 1948 1388 2070; baseline -0.002 -24"><span class='ocrx_word' id='word_1_89' title='bbox 162 1981 326 2070; x_wconf 87' lang='lat' dir='ltr'>adeptus,</span> <span class='ocrx_word' id='word_1_90' title='bbox 344 1979 463 2068; x_wconf 90' lang='lat' dir='ltr'>paullo</span> <span class='ocrx_word' id='word_1_91' title='bbox 486 1986 576 2068; x_wconf 89' lang='lat' dir='ltr'>post,</span> <span class='ocrx_word' id='word_1_92' title='bbox 595 1979 688 2068; x_wconf 92' lang='lat' dir='ltr'>apud</span> <span class='ocrx_word' id='word_1_93' title='bbox 711 1978 946 2046; x_wconf 81' lang='lat' dir='ltr'>Beheramum&#39;</span> <span class='ocrx_word' id='word_1_94' title='bbox 963 1977 1147 2046; x_wconf 88' lang='lat' dir='ltr'>Persarum</span> <span class='ocrx_word' id='word_1_95' title='bbox 1168 2001 1284 2066; x_wconf 89' lang='lat' dir='ltr'>regem</span> <span class='ocrx_word' id='word_1_96' title='bbox 1297 1948 1388 1994; x_wconf 49' lang='lat' dir='ltr'>mu*</span> 
     </span>
     <span class='ocr_line' id='line_1_15' title="bbox 159 2085 1281 2178; baseline -0.002 -24"><span class='ocrx_word' id='word_1_97' title='bbox 159 2111 182 2154; x_wconf 90' lang='lat' dir='ltr'>a</span> <span class='ocrx_word' id='word_1_98' title='bbox 206 2087 413 2178; x_wconf 86' lang='lat' dir='ltr'>quibusdam</span> <span class='ocrx_word' id='word_1_99' title='bbox 436 2086 619 2176; x_wconf 84' lang='lat' dir='ltr'>Episcopis</span> <span class='ocrx_word' id='word_1_100' title='bbox 642 2092 839 2169; x_wconf 87' lang='lat' dir='ltr'>accusatur,</span> <span class='ocrx_word' id='word_1_101' title='bbox 867 2108 952 2176; x_wconf 88' lang='lat' dir='ltr'>quos</span> <span class='ocrx_word' id='word_1_102' title='bbox 978 2085 1042 2153; x_wconf 89' lang='lat' dir='ltr'>ille</span> <span class='ocrx_word' id='word_1_103' title='bbox 1064 2089 1205 2174; x_wconf 87' lang='lat' dir='ltr'>propter</span> <span class='ocrx_word' id='word_1_104' title='bbox 1228 2109 1281 2154; x_wconf 92' lang='lat' dir='ltr'>eo-</span> 
     </span>
     <span class='ocr_line' id='line_1_16' title="bbox 158 2181 1288 2282; baseline -0.002 -20"><span class='ocrx_word' id='word_1_105' title='bbox 158 2219 239 2263; x_wconf 89' lang='lat' dir='ltr'>rum</span> <span class='ocrx_word' id='word_1_106' title='bbox 253 2195 399 2264; x_wconf 87' lang='lat' dir='ltr'>crimina</span> <span class='ocrx_word' id='word_1_107' title='bbox 412 2195 551 2263; x_wconf 90' lang='lat' dir='ltr'>sedibus</span> <span class='ocrx_word' id='word_1_108' title='bbox 564 2193 749 2282; x_wconf 89' lang='lat' dir='ltr'>dejecerat.</span> <span class='ocrx_word' id='word_1_109' title='bbox 764 2193 975 2261; x_wconf 88' lang='lat' dir='ltr'>Beheramus</span> <span class='ocrx_word' id='word_1_110' title='bbox 993 2193 1029 2260; x_wconf 92' lang='lat' dir='ltr'>in</span> <span class='ocrx_word' id='word_1_111' title='bbox 1047 2214 1217 2261; x_wconf 90' lang='lat' dir='ltr'>carcerem</span> <span class='ocrx_word' id='word_1_112' title='bbox 1230 2181 1288 2260; x_wconf 50' lang='lat' dir='ltr'>de?</span> 
     </span>
     <span class='ocr_line' id='line_1_17' title="bbox 158 2300 1285 2393; baseline -0.004 -21"><span class='ocrx_word' id='word_1_113' title='bbox 158 2305 260 2372; x_wconf 89' lang='lat' dir='ltr'>trudi</span> <span class='ocrx_word' id='word_1_114' title='bbox 276 2327 352 2372; x_wconf 91' lang='lat' dir='ltr'>eum</span> <span class='ocrx_word' id='word_1_115' title='bbox 367 2304 480 2393; x_wconf 86' lang='lat' dir='ltr'>jubet.</span> <span class='ocrx_word' id='word_1_116' title='bbox 496 2302 761 2371; x_wconf 82' lang='lat' dir='ltr'>indedimissus</span> <span class='ocrx_word' id='word_1_117' title='bbox 774 2302 825 2389; x_wconf 76' lang='lat'>(2)</span> <span class='ocrx_word' id='word_1_118' title='bbox 837 2302 874 2368; x_wconf 90' lang='lat' dir='ltr'>iu</span> <span class='ocrx_word' id='word_1_119' title='bbox 891 2300 1099 2370; x_wconf 82' lang='lat' dir='ltr'>Coenobium</span> <span class='ocrx_word' id='word_1_120' title='bbox 1109 2301 1222 2370; x_wconf 85' lang='lat' dir='ltr'>Areae</span> <span class='ocrx_word' id='word_1_121' title='bbox 1235 2301 1285 2387; x_wconf 83' lang='lat'>(3)</span> 
     </span>
    </p>
   </div>
   <div class='ocr_carea' id='block_1_4' title="bbox 157 2408 1335 2714">
    <p class='ocr_par' dir='ltr' id='par_1_4' title="bbox 157 2408 1335 2714">
     <span class='ocr_line' id='line_1_18' title="bbox 160 2408 1285 2502; baseline -0.006 -20"><span class='ocrx_word' id='word_1_122' title='bbox 160 2437 197 2484; x_wconf 89' lang='lat' dir='ltr'>se</span> <span class='ocrx_word' id='word_1_123' title='bbox 221 2413 354 2502; x_wconf 88' lang='lat' dir='ltr'>recepit</span> <span class='ocrx_word' id='word_1_124' title='bbox 376 2417 413 2480; x_wconf 90' lang='lat' dir='ltr'>et</span> <span class='ocrx_word' id='word_1_125' title='bbox 435 2410 645 2500; x_wconf 89' lang='lat' dir='ltr'>dignitatem</span> <span class='ocrx_word' id='word_1_126' title='bbox 669 2410 829 2478; x_wconf 92' lang='lat' dir='ltr'>abdicare</span> <span class='ocrx_word' id='word_1_127' title='bbox 858 2409 1054 2478; x_wconf 89' lang='lat' dir='ltr'>constituit.</span> <span class='ocrx_word' id='word_1_128' title='bbox 1074 2409 1108 2476; x_wconf 92' lang='lat' dir='ltr'>A</span> <span class='ocrx_word' id='word_1_129' title='bbox 1123 2408 1285 2476; x_wconf 89' lang='lat' dir='ltr'>fidelibus</span> 
     </span>
     <span class='ocr_line' id='line_1_19' title="bbox 158 2517 1335 2610; baseline -0.005 -22"><span class='ocrx_word' id='word_1_130' title='bbox 158 2530 277 2588; x_wconf 90' lang='lat' dir='ltr'>tamen</span> <span class='ocrx_word' id='word_1_131' title='bbox 300 2525 336 2588; x_wconf 91' lang='lat' dir='ltr'>et</span> <span class='ocrx_word' id='word_1_132' title='bbox 358 2519 541 2610; x_wconf 88' lang='lat' dir='ltr'>Episcopis</span> <span class='ocrx_word' id='word_1_133' title='bbox 565 2522 729 2587; x_wconf 85' lang='lat' dir='ltr'>exoratus</span> <span class='ocrx_word' id='word_1_134' title='bbox 753 2538 858 2605; x_wconf 88' lang='lat' dir='ltr'>aegre</span> <span class='ocrx_word' id='word_1_135' title='bbox 889 2539 1013 2606; x_wconf 89' lang='lat' dir='ltr'>passus</span> <span class='ocrx_word' id='word_1_136' title='bbox 1043 2522 1096 2584; x_wconf 88' lang='lat' dir='ltr'>est</span> <span class='ocrx_word' id='word_1_137' title='bbox 1120 2517 1163 2584; x_wconf 89' lang='lat' dir='ltr'>ad</span> <span class='ocrx_word' id='word_1_138' title='bbox 1187 2534 1284 2585; x_wconf 86' lang='lat' dir='ltr'>suam</span> <span class='ocrx_word' id='word_1_139' title='bbox 1332 2554 1335 2560; x_wconf 66' lang='lat'><em>›</em></span> 
     </span>
     <span class='ocr_line' id='line_1_20' title="bbox 157 2621 1283 2714; baseline -0.007 -16"><span class='ocrx_word' id='word_1_140' title='bbox 157 2629 275 2698; x_wconf 88' lang='lat' dir='ltr'>redire</span> <span class='ocrx_word' id='word_1_141' title='bbox 299 2627 422 2696; x_wconf 88' lang='lat' dir='ltr'>sedem.</span> <span class='ocrx_word' id='word_1_142' title='bbox 444 2627 542 2694; x_wconf 81' lang='lat' dir='ltr'>Tunc</span> <span class='ocrx_word' id='word_1_143' title='bbox 558 2625 748 2714; x_wconf 85' lang='lat' dir='ltr'>Synodum,</span> <span class='ocrx_word' id='word_1_144' title='bbox 768 2623 899 2692; x_wconf 89' lang='lat' dir='ltr'>anobis</span> <span class='ocrx_word' id='word_1_145' title='bbox 915 2623 1116 2712; x_wconf 84' lang='lat' dir='ltr'>allegatam,</span> <span class='ocrx_word' id='word_1_146' title='bbox 1135 2621 1283 2692; x_wconf 87' lang='lat' dir='ltr'>celebra·</span> 
     </span>
    </p>
   </div>
   <div class='ocr_carea' id='block_1_5' title="bbox 158 2905 1286 3086">
    <p class='ocr_par' dir='ltr' id='par_1_5' title="bbox 158 2905 1286 3086">
     <span class='ocr_line' id='line_1_21' title="bbox 233 2905 1284 2981; baseline 0.003 -21"><span class='ocrx_word' id='word_1_147' title='bbox 233 2905 275 2981; x_wconf 89' lang='lat'>(1)</span> <span class='ocrx_word' id='word_1_148' title='bbox 293 2909 399 2962; x_wconf 82' lang='lat' dir='ltr'>Nomen</span> <span class='ocrx_word' id='word_1_149' title='bbox 418 2912 463 2961; x_wconf 86' lang='lat' dir='ltr'>est</span> <span class='ocrx_word' id='word_1_150' title='bbox 481 2909 527 2962; x_wconf 86' lang='lat' dir='ltr'>vel</span> <span class='ocrx_word' id='word_1_151' title='bbox 547 2911 638 2961; x_wconf 89' lang='lat' dir='ltr'>totum</span> <span class='ocrx_word' id='word_1_152' title='bbox 651 2906 833 2961; x_wconf 75' lang='lat' dir='ltr'>Chaldaicum</span> <span class='ocrx_word' id='word_1_153' title='bbox 847 2922 861 2960; x_wconf 92' lang='lat' dir='ltr'>e</span> <span class='ocrx_word' id='word_1_154' title='bbox 877 2907 934 2958; x_wconf 84' lang='lat' dir='ltr'>dod</span> <span class='ocrx_word' id='word_1_155' title='bbox 947 2907 1069 2960; x_wconf 86' lang='lat' dir='ltr'>dilectus</span> <span class='ocrx_word' id='word_1_156' title='bbox 1081 2910 1110 2960; x_wconf 90' lang='lat' dir='ltr'>et</span> <span class='ocrx_word' id='word_1_157' title='bbox 1122 2911 1200 2960; x_wconf 80' lang='lat' dir='ltr'>Jesas</span> <span class='ocrx_word' id='word_1_158' title='bbox 1213 2922 1284 2964; x_wconf 85' lang='lat' dir='ltr'>corn.</span> 
     </span>
     <span class='ocr_line' id='line_1_22' title="bbox 158 3009 1286 3086; baseline -0.004 -15"><span class='ocrx_word' id='word_1_159' title='bbox 158 3018 295 3085; x_wconf 87' lang='lat' dir='ltr'>positum,</span> <span class='ocrx_word' id='word_1_160' title='bbox 316 3020 348 3070; x_wconf 90' lang='lat' dir='ltr'>nt</span> <span class='ocrx_word' id='word_1_161' title='bbox 366 3017 457 3070; x_wconf 89' lang='lat' dir='ltr'>sentit</span> <span class='ocrx_word' id='word_1_162' title='bbox 475 3016 671 3069; x_wconf 87' lang='lat' dir='ltr'>Barhebraens</span> <span class='ocrx_word' id='word_1_163' title='bbox 691 3017 722 3068; x_wconf 90' lang='lat' dir='ltr'>in</span> <span class='ocrx_word' id='word_1_164' title='bbox 742 3015 884 3081; x_wconf 75' lang='lat' dir='ltr'>(ihusyr.</span> <span class='ocrx_word' id='word_1_165' title='bbox 898 3031 959 3082; x_wconf 88' lang='lat' dir='ltr'>par.</span> <span class='ocrx_word' id='word_1_166' title='bbox 980 3017 1007 3068; x_wconf 81' lang='lat'>3.</span> <span class='ocrx_word' id='word_1_167' title='bbox 1033 3015 1114 3068; x_wconf 88' lang='lat' dir='ltr'>aiens</span> <span class='ocrx_word' id='word_1_168' title='bbox 1145 3030 1189 3086; x_wconf 70' lang='lat' dir='ltr'>eor</span> <span class='ocrx_word' id='word_1_169' title='bbox 1219 3009 1286 3085; x_wconf 63' lang='lat' dir='ltr'>ixx</span> 
     </span>
    </p>
   </div>
   <div class='ocr_carea' id='block_1_6' title="bbox 160 3123 1285 3232">
    <p class='ocr_par' dir='ltr' id='par_1_6' title="bbox 160 3123 1285 3232">
     <span class='ocr_line' id='line_1_23' title="bbox 160 3123 1285 3232; baseline 0.003 -38"><span class='ocrx_word' id='word_1_170' title='bbox 160 3143 209 3194; x_wconf 86' lang='lat' dir='ltr'>vel</span> <span class='ocrx_word' id='word_1_171' title='bbox 229 3157 246 3193; x_wconf 90' lang='lat' dir='ltr'>a</span> <span class='ocrx_word' id='word_1_172' title='bbox 266 3141 322 3192; x_wconf 82' lang='lat' dir='ltr'>ded</span> <span class='ocrx_word' id='word_1_173' title='bbox 341 3141 479 3208; x_wconf 88' lang='lat' dir='ltr'>persicum</span> <span class='ocrx_word' id='word_1_174' title='bbox 500 3142 577 3193; x_wconf 78' lang='lat' dir='ltr'>dedit</span> <span class='ocrx_word' id='word_1_175' title='bbox 596 3145 625 3194; x_wconf 87' lang='lat' dir='ltr'>et</span> <span class='ocrx_word' id='word_1_176' title='bbox 642 3123 1285 3232; x_wconf 59' lang='grc' dir='ltr'>Ιοειιε,].15ὲ159;ω,οκὸ·μ35Μλ“ῃ;3-ἰ535</span> 
     </span>
    </p>
   </div>
   <div class='ocr_carea' id='block_1_7' title="bbox 156 3264 1317 4333">
    <p class='ocr_par' dir='ltr' id='par_1_7' title="bbox 156 3264 1317 3512">
     <span class='ocr_line' id='line_1_24' title="bbox 160 3264 1282 3333; baseline 0.001 -16"><span class='ocrx_word' id='word_1_177' title='bbox 160 3281 219 3332; x_wconf 88' lang='lat' dir='ltr'>qna</span> <span class='ocrx_word' id='word_1_178' title='bbox 237 3265 434 3332; x_wconf 86' lang='lat' dir='ltr'>suppositione</span> <span class='ocrx_word' id='word_1_179' title='bbox 453 3265 639 3333; x_wconf 85' lang='lat' dir='ltr'>responderet</span> <span class='ocrx_word' id='word_1_180' title='bbox 658 3266 744 3318; x_wconf 88' lang='lat' dir='ltr'>alteri</span> <span class='ocrx_word' id='word_1_181' title='bbox 758 3267 866 3318; x_wconf 88' lang='lat' dir='ltr'>nomini</span> <span class='ocrx_word' id='word_1_182' title='bbox 879 3267 992 3330; x_wconf 83' lang='lat' dir='ltr'>integre</span> <span class='ocrx_word' id='word_1_183' title='bbox 1006 3264 1189 3318; x_wconf 76' lang='lat' dir='ltr'>Chaldaicum</span> <span class='ocrx_word' id='word_1_184' title='bbox 1201 3266 1220 3318; x_wconf 88' lang='lat' dir='ltr'><strong>J</strong></span> <span class='ocrx_word' id='word_1_185' title='bbox 1222 3282 1282 3319; x_wconf 85' lang='lat' dir='ltr'>eso-</span> 
     </span>
     <span class='ocr_line' id='line_1_25' title="bbox 156 3349 1317 3428; baseline 0 -22"><span class='ocrx_word' id='word_1_186' title='bbox 156 3355 209 3422; x_wconf 85' lang='lat' dir='ltr'>jab</span> <span class='ocrx_word' id='word_1_187' title='bbox 223 3349 254 3428; x_wconf 93' lang='lat' dir='ltr'>(J</span> <span class='ocrx_word' id='word_1_188' title='bbox 257 3349 436 3427; x_wconf 86' lang='lat' dir='ltr'>esus-dedit).</span> <span class='ocrx_word' id='word_1_189' title='bbox 457 3355 550 3422; x_wconf 87' lang='lat' dir='ltr'>Hujus</span> <span class='ocrx_word' id='word_1_190' title='bbox 564 3353 690 3422; x_wconf 87' lang='lat' dir='ltr'>Dadjesu</span> <span class='ocrx_word' id='word_1_191' title='bbox 701 3354 921 3407; x_wconf 76' lang='lat' dir='ltr'>Commentarios</span> <span class='ocrx_word' id='word_1_192' title='bbox 935 3355 966 3406; x_wconf 92' lang='lat' dir='ltr'>in</span> <span class='ocrx_word' id='word_1_193' title='bbox 979 3355 1136 3421; x_wconf 85' lang='lat' dir='ltr'>Danielem,</span> <span class='ocrx_word' id='word_1_194' title='bbox 1150 3354 1214 3406; x_wconf 87' lang='lat' dir='ltr'>Lib.</span> <span class='ocrx_word' id='word_1_195' title='bbox 1230 3355 1284 3407; x_wconf 86' lang='lat' dir='ltr'>Re·</span> <span class='ocrx_word' id='word_1_196' title='bbox 1313 3409 1317 3418; x_wconf 71' lang='grc'><strong><em>,</em></strong></span> 
     </span>
     <span class='ocr_line' id='line_1_26' title="bbox 159 3438 1281 3512; baseline 0.001 -17"><span class='ocrx_word' id='word_1_197' title='bbox 159 3459 235 3511; x_wconf 81' lang='lat' dir='ltr'>gum,</span> <span class='ocrx_word' id='word_1_198' title='bbox 251 3448 280 3496; x_wconf 88' lang='lat' dir='ltr'>et</span> <span class='ocrx_word' id='word_1_199' title='bbox 292 3443 448 3497; x_wconf 82' lang='lat' dir='ltr'>Siracidcm</span> <span class='ocrx_word' id='word_1_200' title='bbox 468 3438 517 3496; x_wconf 78' lang='lat' dir='ltr'>seu</span> <span class='ocrx_word' id='word_1_201' title='bbox 536 3444 776 3511; x_wconf 79' lang='lat' dir='ltr'>Ecclesiastioum,</span> <span class='ocrx_word' id='word_1_202' title='bbox 794 3445 925 3496; x_wconf 88' lang='lat' dir='ltr'>meminit</span> <span class='ocrx_word' id='word_1_203' title='bbox 937 3443 1095 3512; x_wconf 83' lang='lat' dir='ltr'>Ebedjesns</span> <span class='ocrx_word' id='word_1_204' title='bbox 1109 3445 1140 3496; x_wconf 91' lang='lat' dir='ltr'>in</span> <span class='ocrx_word' id='word_1_205' title='bbox 1153 3443 1281 3508; x_wconf 80' lang='lat' dir='ltr'>(iatalog.</span> 
     </span>
    </p>

    <p class='ocr_par' dir='ltr' id='par_1_8' title="bbox 158 3516 1285 3769">
     <span class='ocr_line' id='line_1_27' title="bbox 231 3516 1284 3604; baseline 0 -20"><span class='ocrx_word' id='word_1_206' title='bbox 231 3527 274 3604; x_wconf 85' lang='lat'>(2)</span> <span class='ocrx_word' id='word_1_207' title='bbox 292 3534 438 3586; x_wconf 83' lang='lat' dir='ltr'>Demissns</span> <span class='ocrx_word' id='word_1_208' title='bbox 457 3531 516 3584; x_wconf 82' lang='lat' dir='ltr'>init</span> <span class='ocrx_word' id='word_1_209' title='bbox 536 3516 550 3584; x_wconf 84' lang='lat' dir='ltr'>e</span> <span class='ocrx_word' id='word_1_210' title='bbox 570 3533 687 3586; x_wconf 82' lang='lat' dir='ltr'>Osroene</span> <span class='ocrx_word' id='word_1_211' title='bbox 706 3532 900 3586; x_wconf 86' lang='lat' dir='ltr'>intercedente</span> <span class='ocrx_word' id='word_1_212' title='bbox 920 3531 1072 3584; x_wconf 72' lang='lat' dir='ltr'>Theodosii</span> <span class='ocrx_word' id='word_1_213' title='bbox 1100 3533 1284 3600; x_wconf 84' lang='lat' dir='ltr'>Imperatoris</span> 
     </span>
     <span class='ocr_line' id='line_1_28' title="bbox 158 3621 1285 3695; baseline -0.004 -17"><span class='ocrx_word' id='word_1_214' title='bbox 158 3625 286 3690; x_wconf 81' lang='lat' dir='ltr'>Legata,</span> <span class='ocrx_word' id='word_1_215' title='bbox 309 3623 359 3690; x_wconf 91' lang='lat' dir='ltr'>qui</span> <span class='ocrx_word' id='word_1_216' title='bbox 380 3623 557 3676; x_wconf 89' lang='lat' dir='ltr'>Beherannm</span> <span class='ocrx_word' id='word_1_217' title='bbox 577 3623 709 3678; x_wconf 80' lang='lat' dir='ltr'>adiverat</span> <span class='ocrx_word' id='word_1_218' title='bbox 735 3621 771 3674; x_wconf 88' lang='lat' dir='ltr'>ad</span> <span class='ocrx_word' id='word_1_219' title='bbox 797 3638 893 3691; x_wconf 85' lang='lat' dir='ltr'>pacem</span> <span class='ocrx_word' id='word_1_220' title='bbox 911 3622 1063 3695; x_wconf 89' lang='lat' dir='ltr'>interduo</span> <span class='ocrx_word' id='word_1_221' title='bbox 1082 3623 1203 3690; x_wconf 87' lang='lat' dir='ltr'>imperia</span> <span class='ocrx_word' id='word_1_222' title='bbox 1221 3633 1285 3675; x_wconf 89' lang='lat' dir='ltr'>oon·</span> 
     </span>
     <span class='ocr_line' id='line_1_29' title="bbox 159 3715 337 3769; baseline -0.006 0"><span class='ocrx_word' id='word_1_223' title='bbox 159 3715 337 3769; x_wconf 83' lang='lat' dir='ltr'>cludendum.</span> 
     </span>
    </p>

    <p class='ocr_par' dir='ltr' id='par_1_9' title="bbox 156 3800 1287 4333">
     <span class='ocr_line' id='line_1_30' title="bbox 230 3800 1285 3879; baseline -0.002 -19"><span class='ocrx_word' id='word_1_224' title='bbox 230 3800 277 3879; x_wconf 77' lang='lat'>(8)</span> <span class='ocrx_word' id='word_1_225' title='bbox 294 3807 353 3858; x_wconf 88' lang='lat' dir='ltr'>Hoc</span> <span class='ocrx_word' id='word_1_226' title='bbox 370 3806 576 3859; x_wconf 84' lang='lat' dir='ltr'>Monasterinm</span> <span class='ocrx_word' id='word_1_227' title='bbox 595 3807 744 3860; x_wconf 85' lang='lat' dir='ltr'>Kebnthae</span> <span class='ocrx_word' id='word_1_228' title='bbox 774 3822 822 3859; x_wconf 89' lang='lat' dir='ltr'>seu</span> <span class='ocrx_word' id='word_1_229' title='bbox 840 3805 928 3858; x_wconf 81' lang='lat' dir='ltr'>Areae</span> <span class='ocrx_word' id='word_1_230' title='bbox 948 3806 979 3858; x_wconf 90' lang='lat' dir='ltr'>in</span> <span class='ocrx_word' id='word_1_231' title='bbox 999 3805 1161 3858; x_wconf 85' lang='lat' dir='ltr'>summitate</span> <span class='ocrx_word' id='word_1_232' title='bbox 1180 3807 1285 3858; x_wconf 89' lang='lat' dir='ltr'>montis</span> 
     </span>
     <span class='ocr_line' id='line_1_31' title="bbox 158 3894 1287 3964; baseline -0.001 -15"><span class='ocrx_word' id='word_1_233' title='bbox 158 3895 262 3949; x_wconf 83' lang='lat' dir='ltr'>Oardoi</span> <span class='ocrx_word' id='word_1_234' title='bbox 283 3911 332 3948; x_wconf 87' lang='lat' dir='ltr'>seu</span> <span class='ocrx_word' id='word_1_235' title='bbox 350 3894 466 3962; x_wconf 79' lang='lat' dir='ltr'>Ararat,</span> <span class='ocrx_word' id='word_1_236' title='bbox 487 3897 537 3949; x_wconf 89' lang='lat' dir='ltr'>ubi</span> <span class='ocrx_word' id='word_1_237' title='bbox 555 3897 627 3950; x_wconf 80' lang='lat' dir='ltr'>Arca</span> <span class='ocrx_word' id='word_1_238' title='bbox 645 3898 703 3950; x_wconf 86' lang='lat' dir='ltr'>Noe</span> <span class='ocrx_word' id='word_1_239' title='bbox 723 3895 897 3964; x_wconf 89' lang='lat' dir='ltr'>consederat,</span> <span class='ocrx_word' id='word_1_240' title='bbox 915 3896 974 3964; x_wconf 86' lang='lat' dir='ltr'>jem</span> <span class='ocrx_word' id='word_1_241' title='bbox 995 3898 1061 3948; x_wconf 85' lang='lat' dir='ltr'>tunc</span> <span class='ocrx_word' id='word_1_242' title='bbox 1081 3896 1234 3962; x_wconf 87' lang='lat' dir='ltr'>exstabat,</span> <span class='ocrx_word' id='word_1_243' title='bbox 1257 3899 1287 3948; x_wconf 87' lang='lat' dir='ltr'>et</span> 
     </span>
     <span class='ocr_line' id='line_1_32' title="bbox 160 3985 1287 4054; baseline 0.001 -17"><span class='ocrx_word' id='word_1_244' title='bbox 160 3985 293 4054; x_wconf 87' lang='lat' dir='ltr'>deinceps</span> <span class='ocrx_word' id='word_1_245' title='bbox 312 3985 369 4038; x_wconf 86' lang='lat' dir='ltr'>init</span> <span class='ocrx_word' id='word_1_246' title='bbox 384 3986 494 4053; x_wconf 85' lang='lat' dir='ltr'>jugiter</span> <span class='ocrx_word' id='word_1_247' title='bbox 513 4003 530 4039; x_wconf 88' lang='lat' dir='ltr'>a</span> <span class='ocrx_word' id='word_1_248' title='bbox 549 3989 631 4052; x_wconf 86' lang='lat' dir='ltr'>Syrie</span> <span class='ocrx_word' id='word_1_249' title='bbox 649 3986 824 4042; x_wconf 86' lang='lat' dir='ltr'>nestorianis</span> <span class='ocrx_word' id='word_1_250' title='bbox 844 3986 1047 4038; x_wconf 88' lang='lat' dir='ltr'>inhabitatum.</span> <span class='ocrx_word' id='word_1_251' title='bbox 1072 3987 1116 4038; x_wconf 84' lang='lat' dir='ltr'>Ex</span> <span class='ocrx_word' id='word_1_252' title='bbox 1135 3986 1187 4038; x_wconf 90' lang='lat' dir='ltr'>hoo</span> <span class='ocrx_word' id='word_1_253' title='bbox 1205 3986 1287 4038; x_wconf 88' lang='lat' dir='ltr'>aliis-</span> 
     </span>
     <span class='ocr_line' id='line_1_33' title="bbox 159 4075 1286 4144; baseline 0.001 -17"><span class='ocrx_word' id='word_1_254' title='bbox 159 4091 214 4142; x_wconf 90' lang='lat' dir='ltr'>que</span> <span class='ocrx_word' id='word_1_255' title='bbox 233 4075 417 4128; x_wconf 87' lang='lat' dir='ltr'>monimentis</span> <span class='ocrx_word' id='word_1_256' title='bbox 437 4079 566 4144; x_wconf 87' lang='lat' dir='ltr'>apparet:</span> <span class='ocrx_word' id='word_1_257' title='bbox 589 4078 638 4144; x_wconf 91' lang='lat' dir='ltr'>qui</span> <span class='ocrx_word' id='word_1_258' title='bbox 657 4078 735 4130; x_wconf 87' lang='lat' dir='ltr'>inter</span> <span class='ocrx_word' id='word_1_259' title='bbox 754 4077 890 4130; x_wconf 79' lang='lat' dir='ltr'>Armenes</span> <span class='ocrx_word' id='word_1_260' title='bbox 911 4079 978 4128; x_wconf 87' lang='lat' dir='ltr'>ante</span> <span class='ocrx_word' id='word_1_261' title='bbox 998 4075 1162 4141; x_wconf 78' lang='lat' dir='ltr'>Gregorium</span> <span class='ocrx_word' id='word_1_262' title='bbox 1176 4076 1286 4128; x_wconf 82' lang='lat' dir='ltr'>illumi·</span> 
     </span>
     <span class='ocr_line' id='line_1_34' title="bbox 158 4165 1287 4234; baseline 0 -17"><span class='ocrx_word' id='word_1_263' title='bbox 158 4169 290 4218; x_wconf 88' lang='lat' dir='ltr'>natorem</span> <span class='ocrx_word' id='word_1_264' title='bbox 310 4167 427 4219; x_wconf 87' lang='lat' dir='ltr'>inerunt</span> <span class='ocrx_word' id='word_1_265' title='bbox 446 4166 621 4234; x_wconf 73' lang='lat' dir='ltr'>Christiani,</span> <span class='ocrx_word' id='word_1_266' title='bbox 643 4183 689 4220; x_wconf 89' lang='lat' dir='ltr'>eos</span> <span class='ocrx_word' id='word_1_267' title='bbox 709 4166 743 4219; x_wconf 86' lang='lat' dir='ltr'>ad</span> <span class='ocrx_word' id='word_1_268' title='bbox 763 4167 918 4220; x_wconf 83' lang='lat' dir='ltr'>Ecclesiam</span> <span class='ocrx_word' id='word_1_269' title='bbox 937 4165 1119 4220; x_wconf 74' lang='lat' dir='ltr'>Chaldaicam</span> <span class='ocrx_word' id='word_1_270' title='bbox 1139 4167 1206 4221; x_wconf 90' lang='lat' dir='ltr'>olim</span> <span class='ocrx_word' id='word_1_271' title='bbox 1226 4181 1287 4234; x_wconf 84' lang='lat' dir='ltr'>per-</span> 
     </span>
     <span class='ocr_line' id='line_1_35' title="bbox 156 4255 1162 4333; baseline 0.001 -25"><span class='ocrx_word' id='word_1_272' title='bbox 156 4256 290 4324; x_wconf 84' lang='lat' dir='ltr'>tinuisse,</span> <span class='ocrx_word' id='word_1_273' title='bbox 313 4257 374 4310; x_wconf 88' lang='lat' dir='ltr'>sive</span> <span class='ocrx_word' id='word_1_274' title='bbox 394 4260 471 4324; x_wconf 85' lang='lat' dir='ltr'>ante,</span> <span class='ocrx_word' id='word_1_275' title='bbox 493 4259 556 4312; x_wconf 82' lang='lat' dir='ltr'>sive</span> <span class='ocrx_word' id='word_1_276' title='bbox 574 4259 640 4325; x_wconf 87' lang='lat' dir='ltr'>post</span> <span class='ocrx_word' id='word_1_277' title='bbox 658 4255 876 4333; x_wconf 86' lang='lat' dir='ltr'>nestorianismi</span> <span class='ocrx_word' id='word_1_278' title='bbox 895 4257 1085 4315; x_wconf 83' lang='lat' dir='ltr'>invasionem.</span> <span class='ocrx_word' id='word_1_279' title='bbox 1159 4312 1162 4319; x_wconf 73' lang='grc'><strong><em>,</em></strong></span> 
     </span>
    </p>
   </div>
   <div class='ocr_carea' id='block_1_8' title="bbox 0 0 1532 4756">
    <p class='ocr_par' dir='ltr' id='par_1_10' title="bbox 0 0 1532 4756">
     <span class='ocr_line' id='line_1_36' title="bbox 0 0 1532 4756; baseline 0 0"><span class='ocrx_word' id='word_1_280' title='bbox 0 0 1532 4756; x_wconf 95' lang='lat' dir='ltr'> </span> 
     </span>
    </p>
   </div>
  </div>
 </body>
</html>
