3036 4750
532 196 709 263 ..21-

465 454 682 525 CAPUT
709 455 784 525 11.

152 685 328 728 EORUNDEM
351 684 626 729 unsnomnuouuu
650 685 847 731 TESTIMONIO
867 685 1090 730 nosraurrun:

68 793 140 835 eon.
160 793 263 838 uulso.
282 793 317 835 lN
338 793 444 836 SEDEM
467 793 618 837 apostol„
642 793 803 837 ROMANAE
827 795 857 835 B.
877 795 974 837 PETRI
999 793 1177 854 succussm,

110 899 147 942 ΑΟ
170 900 316 944 EJUEDEM
340 901 466 943 PLENAE
494 901 692 944 rounsrn'ns
716 903 751 943 IN
765 867 964 947 'uulvnusnn
988 902 1116 946 aarum

442 1007 621 1051 EOOLEflth
645 1007 824 1052 Possnsslo.
1245 967 1247 973 '

580 1233 612 1306 5.
631 1225 662 1292 Ι.

132 1421 233 1504 Quod
256 1422 449 1489 Primatum
471 1421 732 1510 jurisdictionis
755 1423 901 1491 Romani
917 1409 1081 1512 Episcopi
1101 1425 1184 1492 atti·

68 1535 134 1613 net,
154 1529 267 1618 primo
283 1528 641 1614 animadvertendum,
661 1531 752 1621 quod
776 1531 932 1621 alioquin
957 1531 1184 1598 omnibusno-

67 1644 138 1704 tum
162 1644 269 1730 atque
291 1646 393 1706 extra
416 1661 512 1705 omne
537 1639 680 1706 dubium
711 1646 766 1706 est
788 1639 960 1727 positum:
985 1639 1185 1706 huiusmodi

68 1747 261 1814 Primatum
284 1768 326 1813 ex
350 1748 447 1814 Petri
470 1747 627 1813 Primatu
651 1746 844 1814 necessario
867 1746 986 1830 fluere,
1007 1747 1186 1835 supposito

69 1856 97 1922 1.
123 1855 305 1924 Christum
330 1855 540 1922 Potastatem
565 1854 628 1921 uni
651 1855 754 1922 Petro
778 1877 861 1943 prae
893 1856 1017 1922 ceteris
1040 1855 1078 1921 in
1102 1854 1185 1921 Uni·
1296 1870 1303 1879 ·

68 1984 203 2032 versam
226 1961 420 2030 Ecclesiam
437 1960 599 2028 collatam
622 1961 660 2027 in
684 1969 886 2050 perpetuum
903 1962 1109 2029 duraturam
1127 1983 1186 2028 vo·

67 2071 185 2137 luisse.
214 2070 246 2135 2.
262 2068 304 2135 B.
326 2070 430 2135 Petro
461 2067 659 2156 legitimum
690 2067 727 2134 in
758 2068 846 2136 Sede
870 2068 1120 2152 successorem,
1146 2089 1186 2135 ac

69 2177 211 2265 proinde
227 2176 380 2264 ejusdem
396 2175 573 2242 Primatus
596 2175 753 2242 heredem
772 2175 912 2242 unicum
927 2198 1002 2243 esse
1013 2176 1186 2242 Romanae

67 2283 245 2352 Ecclesiae
268 2281 488 2371 Episcopum.
1002 2299 1004 2304 ’

129 2390 298 2458 Jamvero
322 2395 508 2478 utrumque
532 2410 553 2454 a
575 2387 796 2454 Nestorianis
823 2393 888 2471 est,
908 2393 944 2455 at
961 2409 1093 2476 semper
1117 2388 1188 2454 fuit

68 2497 269 2576 admissum,
289 2501 393 2585 atque
408 2500 592 2562 assertum.
610 2494 659 2562 Et
681 2494 830 2584 primum
854 2485 1007 2585 quidem:¹
1022 2500 1115 2563 certe
1131 2517 1188 2562 ve-

67 2606 134 2673 lint
156 2603 275 2684 nolint
296 2602 498 2673 Nestoriani
520 2602 556 2669 id
580 2598 687 2668 fateri
703 2607 877 2690 coguntur
892 2624 934 2669 ex
950 2601 1111 2691 precibus
1126 2626 1187 2689 pu-

68 2713 167 2781 blicis
191 2733 233 2778 ac
257 2710 378 2779 officiis
402 2731 489 2802 quae
513 2709 684 2796 recitant;
710 2731 752 2777 ex
776 2709 1073 2798 historiographis
1104 2733 1189 2801 quoe

69 2819 263 2909 recipiunt,
290 2841 331 2885 ex
355 2817 555 2886 doctoribus
580 2839 665 2907 quos
688 2821 913 2903 venerantum
942 2825 977 2884 et
999 2828 1049 2884 ex'
1064 2817 1188 2886 Codice

72 2925 211 3015 legum,
232 2925 452 3014 Synodornm
475 2927 511 2991 et
534 2923 721 3007 Canonum,
737 2923 842 3012 juxta
858 2945 946 3013 quae
966 2924 1102 3012 judicia
1126 2946 1190 2992 sua

69 3035 264 3121 proferunt,
289 3039 325 3099 et
347 3031 571 3121 disciplinam
594 3031 881 3100 Ecclesiasticam
905 3032 1103 3100 observant.
1124 3033 1189 3100 Re·

71 3141 212 3210 colenda
235 3139 301 3206 hoo
326 3140 397 3208 loco
420 3144 537 3207 essent
560 3141 632 3208 fere
648 3137 763 3206 omnia
779 3159 866 3229 quae
879 3123 1053 3228 superiori
1075 3139 1189 3228 capite

71 3249 228 3338 congessi
251 3247 467 3331 documenta,
487 3249 528 3316 de
551 3247 648 3314 Petri
672 3246 842 3330 Primatu,
859 3246 986 3337 quibus
1002 3246 1099 3336 ipsis,
1119 3247 1186 3332 vis,

72 3363 198 3425 natura
229 3379 270 3424 ac
300 3355 520 3424 necessitudo
551 3354 800 3444 perpetuitatis
830 3354 984 3443 ejusdem
1014 3354 1190 3423 Primatus

70 3465 303 3554 explicantur,
322 3464 378 3532 vel
393 3457 493 3532 facili
516 3463 657 3552 negotio
680 3467 893 3551 arguuntur.

128 3573 182 3640 Et
204 3594 245 3639 re
269 3571 408 3662 quidem
431 3593 527 3654 vera,
555 3571 586 3637 si
611 3575 767 3658 potestas
790 3569 855 3635 illa
878 3546 995 3637 Petrov
1011 3555 1191 3637 commissa

69 3701 132 3746 non
151 3679 285 3746 fuisset
300 3679 472 3746 duratura
485 3699 561 3745 cum
578 3674 748 3759 Ecclesia,
764 3675 808 3742 ad
825 3675 909 3765 quid
925 3675 983 3741 hio
1000 3673 1191 3762 accepisset

71 3783 194 3856 Claves
218 3785 379 3854 thesauri
404 3782 612 3872 Spiritualis
636 3787 678 3850 ut
699 3782 843 3870 ligaret,
859 3781 1012 3850 solveret
1026 3789 1062 3850 et
1077 3781 1191 3849 omnia

71 3915 128 3962 suo
154 3899 343 3984 praecepto
366 3892 403 3958 in
426 3889 585 3959 Ecclesia
600 3888 735 3956 Christi
751 3885 964 3977 disponeret?
980 3888 1029 3956 Et
1044 3910 1192 3979 quonam

71 4001 297 4070 fundamento
309 3999 380 4066 alio
394 3997 600 4066 subsisteret
607 3994 777 4078 Ecclesia,
788 3994 818 4060 si
830 3993 903 4083 ipse
915 3995 976 4085 qui
990 3994 1189 4062 fundamen-

72 4111 144 4176 tum
160 4108 301 4199 positus
317 4116 382 4190 est,
401 4104 580 4195 periturus
595 4102 704 4170 esset?
719 4100 789 4168 Ast
805 4099 1007 4168 Sacerdotis
1019 4101 1116 4168 Petri
1127 4101 1192 4170 Ec·

73 4213 177 4283 clesia
198 4213 339 4304 jugiter
361 4210 606 4301 locupletatur:
630 4207 703 4297 Ipsi
728 4208 831 4275 Petro
855 4209 1075 4296 superposuit
1092 4206 1190 4275 Chri·
