<?xml version="1.0" encoding="UTF-8"?>
<!DOCTYPE html PUBLIC "-//W3C//DTD XHTML 1.0 Transitional//EN"
    "http://www.w3.org/TR/xhtml1/DTD/xhtml1-transitional.dtd">
<html xmlns="http://www.w3.org/1999/xhtml" xml:lang="en" lang="en">
 <head>
  <title>
</title>
<meta http-equiv="Content-Type" content="text/html;charset=utf-8" />
  <meta name='ocr-system' content='tesseract 3.04.00' />
  <meta name='ocr-capabilities' content='ocr_page ocr_carea ocr_par ocr_line ocrx_word'/>
</head>
<body>
  <div class='ocr_page' id='page_1' title='image "./syriorientaless00khaygoog_0109.png"; bbox 0 0 3056 4756; ppageno 0'>
   <div class='ocr_carea' id='block_1_1' title="bbox 274 297 1412 2331">
    <p class='ocr_par' dir='ltr' id='par_1_1' title="bbox 282 297 1412 1147">
     <span class='ocr_line' id='line_1_1' title="bbox 287 297 1412 395; baseline 0 -25"><span class='ocrx_word' id='word_1_1' title='bbox 287 325 366 370; x_wconf 86' lang='lat' dir='ltr'><strong>rum</strong></span> <span class='ocrx_word' id='word_1_2' title='bbox 390 324 493 392; x_wconf 88' lang='lat' dir='ltr'><strong>opera</strong></span> <span class='ocrx_word' id='word_1_3' title='bbox 516 303 703 388; x_wconf 87' lang='lat' dir='ltr'><strong>decretum,</strong></span> <span class='ocrx_word' id='word_1_4' title='bbox 723 305 764 373; x_wconf 89' lang='lat' dir='ltr'><strong>de</strong></span> <span class='ocrx_word' id='word_1_5' title='bbox 780 303 992 395; x_wconf 87' lang='lat' dir='ltr'><strong>recipiendis</strong></span> <span class='ocrx_word' id='word_1_6' title='bbox 1008 307 1072 371; x_wconf 88' lang='lat' dir='ltr'><strong>aut</strong></span> <span class='ocrx_word' id='word_1_7' title='bbox 1086 297 1289 391; x_wconf 81' lang='lat' dir='ltr'><strong>rejiciendis</strong></span> <span class='ocrx_word' id='word_1_8' title='bbox 1305 300 1412 370; x_wconf 87' lang='lat' dir='ltr'><strong>libris</strong></span> 
     </span>
     <span class='ocr_line' id='line_1_2' title="bbox 284 410 1405 500; baseline 0.005 -24"><span class='ocrx_word' id='word_1_9' title='bbox 284 415 390 500; x_wconf 87' lang='lat' dir='ltr'><strong>atque</strong></span> <span class='ocrx_word' id='word_1_10' title='bbox 413 410 736 481; x_wconf 80' lang='lat' dir='ltr'><strong>elucubrationibus</strong></span> <span class='ocrx_word' id='word_1_11' title='bbox 751 413 839 482; x_wconf 90' lang='lat' dir='ltr'><strong>illis.</strong></span> <span class='ocrx_word' id='word_1_12' title='bbox 867 412 965 481; x_wconf 82' lang='lat' dir='ltr'><strong>Talis</strong></span> <span class='ocrx_word' id='word_1_13' title='bbox 990 417 1067 481; x_wconf 87' lang='lat' dir='ltr'><strong>erat</strong></span> <span class='ocrx_word' id='word_1_14' title='bbox 1090 411 1255 481; x_wconf 88' lang='lat' dir='ltr'><strong>Veterum</strong></span> <span class='ocrx_word' id='word_1_15' title='bbox 1279 433 1405 482; x_wconf 89' lang='lat' dir='ltr'><strong>canon.</strong></span> 
     </span>
     <span class='ocr_line' id='line_1_3' title="bbox 284 516 1404 611; baseline 0.003 -27"><span class='ocrx_word' id='word_1_16' title='bbox 284 516 343 585; x_wconf 86' lang='lat' dir='ltr'><strong>Sic</strong></span> <span class='ocrx_word' id='word_1_17' title='bbox 367 519 463 586; x_wconf 90' lang='lat' dir='ltr'><strong>etin</strong></span> <span class='ocrx_word' id='word_1_18' title='bbox 490 519 612 589; x_wconf 90' lang='lat' dir='ltr'><strong>diebus</strong></span> <span class='ocrx_word' id='word_1_19' title='bbox 639 520 846 590; x_wconf 70' lang='lat' dir='ltr'><strong>nostris...»</strong></span> <span class='ocrx_word' id='word_1_20' title='bbox 877 520 994 611; x_wconf 87' lang='lat' dir='ltr'><strong>pergit</strong></span> <span class='ocrx_word' id='word_1_21' title='bbox 1014 541 1214 589; x_wconf 88' lang='lat' dir='ltr'><strong>enumerare</strong></span> <span class='ocrx_word' id='word_1_22' title='bbox 1231 519 1404 610; x_wconf 88' lang='lat' dir='ltr'><strong>exempla,</strong></span> 
     </span>
     <span class='ocr_line' id='line_1_4' title="bbox 283 626 1411 716; baseline 0 -22"><span class='ocrx_word' id='word_1_23' title='bbox 283 646 371 716; x_wconf 88' lang='lat' dir='ltr'><strong>quae</strong></span> <span class='ocrx_word' id='word_1_24' title='bbox 387 626 424 693; x_wconf 90' lang='lat' dir='ltr'><strong>in</strong></span> <span class='ocrx_word' id='word_1_25' title='bbox 437 649 499 695; x_wconf 89' lang='lat' dir='ltr'><strong>suo</strong></span> <span class='ocrx_word' id='word_1_26' title='bbox 514 627 765 698; x_wconf 86' lang='lat' dir='ltr'><strong>Patriarchatu</strong></span> <span class='ocrx_word' id='word_1_27' title='bbox 787 629 901 698; x_wconf 91' lang='lat' dir='ltr'><strong>locum</strong></span> <span class='ocrx_word' id='word_1_28' title='bbox 924 628 1088 713; x_wconf 84' lang='lat' dir='ltr'><strong>habuere,</strong></span> <span class='ocrx_word' id='word_1_29' title='bbox 1108 627 1235 716; x_wconf 86' lang='lat' dir='ltr'><strong>agendi</strong></span> <span class='ocrx_word' id='word_1_30' title='bbox 1257 627 1411 695; x_wconf 88' lang='lat' dir='ltr'><strong>rationis</strong></span> 
     </span>
     <span class='ocr_line' id='line_1_5' title="bbox 284 732 1411 825; baseline 0.003 -26"><span class='ocrx_word' id='word_1_31' title='bbox 284 753 369 820; x_wconf 85' lang='lat' dir='ltr'><strong>erga</strong></span> <span class='ocrx_word' id='word_1_32' title='bbox 381 732 508 823; x_wconf 87' lang='lat' dir='ltr'><strong>ipsum,</strong></span> <span class='ocrx_word' id='word_1_33' title='bbox 523 733 712 802; x_wconf 79' lang='lat' dir='ltr'><strong>Doctorum</strong></span> <span class='ocrx_word' id='word_1_34' title='bbox 732 734 1002 824; x_wconf 88' lang='lat' dir='ltr'><strong>perillustrium,</strong></span> <span class='ocrx_word' id='word_1_35' title='bbox 1020 733 1176 825; x_wconf 87' lang='lat' dir='ltr'><strong>obsequii</strong></span> <span class='ocrx_word' id='word_1_36' title='bbox 1196 733 1334 802; x_wconf 88' lang='lat' dir='ltr'><strong>scilicet</strong></span> <span class='ocrx_word' id='word_1_37' title='bbox 1351 757 1411 802; x_wconf 91' lang='lat' dir='ltr'><strong>su-</strong></span> 
     </span>
     <span class='ocr_line' id='line_1_6' title="bbox 283 840 1402 932; baseline 0.002 -26"><span class='ocrx_word' id='word_1_38' title='bbox 283 840 404 928; x_wconf 91' lang='lat' dir='ltr'><strong>premi,</strong></span> <span class='ocrx_word' id='word_1_39' title='bbox 430 863 507 910; x_wconf 91' lang='lat' dir='ltr'><strong>cum</strong></span> <span class='ocrx_word' id='word_1_40' title='bbox 531 841 670 932; x_wconf 90' lang='lat' dir='ltr'><strong>quidem</strong></span> <span class='ocrx_word' id='word_1_41' title='bbox 693 843 731 910; x_wconf 91' lang='lat' dir='ltr'><strong>in</strong></span> <span class='ocrx_word' id='word_1_42' title='bbox 754 844 902 926; x_wconf 91' lang='lat' dir='ltr'><strong>modum,</strong></span> <span class='ocrx_word' id='word_1_43' title='bbox 929 846 972 910; x_wconf 87' lang='lat' dir='ltr'><strong>ut</strong></span> <span class='ocrx_word' id='word_1_44' title='bbox 993 841 1143 910; x_wconf 82' lang='lat' dir='ltr'><strong>libenter</strong></span> <span class='ocrx_word' id='word_1_45' title='bbox 1169 843 1402 931; x_wconf 66' lang='lat' dir='ltr'><strong>«protestati,</strong></span> 
     </span>
     <span class='ocr_line' id='line_1_7' title="bbox 283 947 1408 1039; baseline 0.004 -25"><span class='ocrx_word' id='word_1_46' title='bbox 283 947 346 1032; x_wconf 87' lang='lat' dir='ltr'><strong>ait,</strong></span> <span class='ocrx_word' id='word_1_47' title='bbox 373 948 460 1016; x_wconf 85' lang='lat' dir='ltr'><strong>sint:</strong></span> <span class='ocrx_word' id='word_1_48' title='bbox 490 971 555 1017; x_wconf 88' lang='lat' dir='ltr'><strong>sua</strong></span> <span class='ocrx_word' id='word_1_49' title='bbox 578 950 712 1039; x_wconf 87' lang='lat' dir='ltr'><strong>scripta</strong></span> <span class='ocrx_word' id='word_1_50' title='bbox 735 951 790 1018; x_wconf 91' lang='lat' dir='ltr'><strong>sin</strong></span> <span class='ocrx_word' id='word_1_51' title='bbox 814 951 930 1018; x_wconf 90' lang='lat' dir='ltr'><strong>minus</strong></span> <span class='ocrx_word' id='word_1_52' title='bbox 962 949 1193 1038; x_wconf 81' lang='lat' dir='ltr'><strong>acceptabilia</strong></span> <span class='ocrx_word' id='word_1_53' title='bbox 1214 949 1284 1039; x_wconf 88' lang='lat' dir='ltr'><strong>ipsi</strong></span> <span class='ocrx_word' id='word_1_54' title='bbox 1310 950 1408 1018; x_wconf 88' lang='lat' dir='ltr'><strong>vide·</strong></span> 
     </span>
     <span class='ocr_line' id='line_1_8' title="bbox 282 1055 1324 1147; baseline -0.002 -25"><span class='ocrx_word' id='word_1_55' title='bbox 282 1059 417 1140; x_wconf 88' lang='lat' dir='ltr'><strong>rentur,</strong></span> <span class='ocrx_word' id='word_1_56' title='bbox 442 1055 524 1144; x_wconf 88' lang='lat' dir='ltr'><strong>igne</strong></span> <span class='ocrx_word' id='word_1_57' title='bbox 548 1057 742 1142; x_wconf 89' lang='lat' dir='ltr'><strong>cremanda,</strong></span> <span class='ocrx_word' id='word_1_58' title='bbox 768 1067 832 1126; x_wconf 88' lang='lat' dir='ltr'><strong>aut</strong></span> <span class='ocrx_word' id='word_1_59' title='bbox 855 1058 944 1125; x_wconf 92' lang='lat' dir='ltr'><strong>mari</strong></span> <span class='ocrx_word' id='word_1_60' title='bbox 966 1056 1181 1147; x_wconf 89' lang='lat' dir='ltr'><strong>projicienda</strong></span> <span class='ocrx_word' id='word_1_61' title='bbox 1203 1079 1288 1126; x_wconf 85' lang='lat' dir='ltr'><strong>esse.</strong></span> <span class='ocrx_word' id='word_1_62' title='bbox 1307 1085 1324 1120; x_wconf 79' lang='lat' dir='ltr'><em>n</em></span> 
     </span>
    </p>

    <p class='ocr_par' dir='ltr' id='par_1_2' title="bbox 274 1163 1408 1556">
     <span class='ocr_line' id='line_1_9' title="bbox 348 1163 1408 1254; baseline 0 -23"><span class='ocrx_word' id='word_1_63' title='bbox 348 1164 509 1232; x_wconf 83' lang='lat' dir='ltr'><strong>Profecto</strong></span> <span class='ocrx_word' id='word_1_64' title='bbox 531 1186 599 1230; x_wconf 89' lang='lat' dir='ltr'><strong>non</strong></span> <span class='ocrx_word' id='word_1_65' title='bbox 622 1171 736 1249; x_wconf 88' lang='lat' dir='ltr'><strong>vacat,</strong></span> <span class='ocrx_word' id='word_1_66' title='bbox 763 1187 825 1232; x_wconf 90' lang='lat' dir='ltr'><strong>nec</strong></span> <span class='ocrx_word' id='word_1_67' title='bbox 848 1187 934 1254; x_wconf 86' lang='lat' dir='ltr'><strong>opus</strong></span> <span class='ocrx_word' id='word_1_68' title='bbox 957 1164 1072 1232; x_wconf 87' lang='lat' dir='ltr'><strong>estin</strong></span> <span class='ocrx_word' id='word_1_69' title='bbox 1096 1163 1191 1232; x_wconf 88' lang='lat' dir='ltr'><strong>hisce</strong></span> <span class='ocrx_word' id='word_1_70' title='bbox 1207 1165 1294 1232; x_wconf 87' lang='lat' dir='ltr'><strong>satis</strong></span> <span class='ocrx_word' id='word_1_71' title='bbox 1312 1165 1408 1232; x_wconf 89' lang='lat' dir='ltr'><strong>clare</strong></span> 
     </span>
     <span class='ocr_line' id='line_1_10' title="bbox 281 1270 1403 1361; baseline 0 -22"><span class='ocrx_word' id='word_1_72' title='bbox 281 1294 344 1361; x_wconf 87' lang='lat' dir='ltr'><strong>pro</strong></span> <span class='ocrx_word' id='word_1_73' title='bbox 366 1271 430 1340; x_wconf 90' lang='lat' dir='ltr'><strong>illa</strong></span> <span class='ocrx_word' id='word_1_74' title='bbox 453 1276 568 1339; x_wconf 89' lang='lat' dir='ltr'><strong>aetate</strong></span> <span class='ocrx_word' id='word_1_75' title='bbox 590 1277 626 1340; x_wconf 87' lang='lat' dir='ltr'><strong>et</strong></span> <span class='ocrx_word' id='word_1_76' title='bbox 648 1278 745 1340; x_wconf 89' lang='lat' dir='ltr'><strong>statu</strong></span> <span class='ocrx_word' id='word_1_77' title='bbox 768 1296 886 1340; x_wconf 89' lang='lat' dir='ltr'><strong>rernm</strong></span> <span class='ocrx_word' id='word_1_78' title='bbox 902 1296 923 1339; x_wconf 88' lang='lat' dir='ltr'><strong>a</strong></span> <span class='ocrx_word' id='word_1_79' title='bbox 940 1270 1121 1339; x_wconf 75' lang='lat' dir='ltr'><strong>Timotheo</strong></span> <span class='ocrx_word' id='word_1_80' title='bbox 1138 1271 1214 1340; x_wconf 85' lang='lat' dir='ltr'><strong>sive</strong></span> <span class='ocrx_word' id='word_1_81' title='bbox 1238 1271 1403 1356; x_wconf 88' lang='lat' dir='ltr'><strong>decretis,</strong></span> 
     </span>
     <span class='ocr_line' id='line_1_11' title="bbox 274 1379 1406 1470; baseline -0.002 -22"><span class='ocrx_word' id='word_1_82' title='bbox 274 1379 358 1448; x_wconf 84' lang='lat' dir='ltr'><strong>sivo</strong></span> <span class='ocrx_word' id='word_1_83' title='bbox 380 1379 421 1447; x_wconf 90' lang='lat' dir='ltr'><strong>de</strong></span> <span class='ocrx_word' id='word_1_84' title='bbox 445 1379 593 1470; x_wconf 87' lang='lat' dir='ltr'><strong>antiqua</strong></span> <span class='ocrx_word' id='word_1_85' title='bbox 621 1381 812 1450; x_wconf 87' lang='lat' dir='ltr'><strong>traditione</strong></span> <span class='ocrx_word' id='word_1_86' title='bbox 843 1379 1010 1470; x_wconf 88' lang='lat' dir='ltr'><strong>prolatis,</strong></span> <span class='ocrx_word' id='word_1_87' title='bbox 1042 1379 1314 1448; x_wconf 87' lang='lat' dir='ltr'><strong>commentandis</strong></span> <span class='ocrx_word' id='word_1_88' title='bbox 1341 1380 1406 1446; x_wconf 87' lang='lat' dir='ltr'><strong>im-</strong></span> 
     </span>
     <span class='ocr_line' id='line_1_12' title="bbox 282 1489 422 1556; baseline 0.029 -4"><span class='ocrx_word' id='word_1_89' title='bbox 282 1489 422 1556; x_wconf 86' lang='lat' dir='ltr'><strong>morari.</strong></span> 
     </span>
    </p>

    <p class='ocr_par' dir='ltr' id='par_1_3' title="bbox 283 1594 1406 2331">
     <span class='ocr_line' id='line_1_13' title="bbox 350 1594 1404 1683; baseline -0.002 -21"><span class='ocrx_word' id='word_1_90' title='bbox 350 1595 569 1664; x_wconf 85' lang='lat' dir='ltr'><strong>Solummodo</strong></span> <span class='ocrx_word' id='word_1_91' title='bbox 592 1595 851 1664; x_wconf 88' lang='lat' dir='ltr'><strong>animadverto:</strong></span> <span class='ocrx_word' id='word_1_92' title='bbox 877 1594 983 1683; x_wconf 84' lang='lat' dir='ltr'><strong>juxta</strong></span> <span class='ocrx_word' id='word_1_93' title='bbox 1005 1594 1098 1663; x_wconf 90' lang='lat' dir='ltr'><strong>hunc</strong></span> <span class='ocrx_word' id='word_1_94' title='bbox 1126 1616 1310 1678; x_wconf 87' lang='lat' dir='ltr'><strong>canonem,</strong></span> <span class='ocrx_word' id='word_1_95' title='bbox 1336 1595 1404 1660; x_wconf 89' lang='lat' dir='ltr'><strong>Pa-</strong></span> 
     </span>
     <span class='ocr_line' id='line_1_14' title="bbox 284 1701 1406 1792; baseline -0.002 -22"><span class='ocrx_word' id='word_1_96' title='bbox 284 1701 477 1770; x_wconf 88' lang='lat' dir='ltr'><strong>triarcham</strong></span> <span class='ocrx_word' id='word_1_97' title='bbox 501 1708 566 1770; x_wconf 87' lang='lat' dir='ltr'><strong>aut</strong></span> <span class='ocrx_word' id='word_1_98' title='bbox 589 1703 878 1772; x_wconf 86' lang='lat' dir='ltr'><strong>considerandum</strong></span> <span class='ocrx_word' id='word_1_99' title='bbox 901 1708 943 1770; x_wconf 91' lang='lat' dir='ltr'><strong>ut</strong></span> <span class='ocrx_word' id='word_1_100' title='bbox 967 1708 1071 1792; x_wconf 90' lang='lat' dir='ltr'><strong>caput</strong></span> <span class='ocrx_word' id='word_1_101' title='bbox 1093 1701 1270 1770; x_wconf 82' lang='lat' dir='ltr'><strong>Ecclesiae</strong></span> <span class='ocrx_word' id='word_1_102' title='bbox 1291 1701 1406 1791; x_wconf 86' lang='lat' dir='ltr'><strong>parti-</strong></span> 
     </span>
     <span class='ocr_line' id='line_1_15' title="bbox 284 1809 1406 1901; baseline -0.002 -23"><span class='ocrx_word' id='word_1_103' title='bbox 284 1809 425 1897; x_wconf 89' lang='lat' dir='ltr'><strong>cularis;</strong></span> <span class='ocrx_word' id='word_1_104' title='bbox 445 1815 508 1878; x_wconf 91' lang='lat' dir='ltr'><strong>aut</strong></span> <span class='ocrx_word' id='word_1_105' title='bbox 530 1815 572 1878; x_wconf 91' lang='lat' dir='ltr'><strong>ut</strong></span> <span class='ocrx_word' id='word_1_106' title='bbox 595 1817 700 1901; x_wconf 90' lang='lat' dir='ltr'><strong>caput</strong></span> <span class='ocrx_word' id='word_1_107' title='bbox 715 1811 950 1880; x_wconf 86' lang='lat' dir='ltr'><strong>Universalis:</strong></span> <span class='ocrx_word' id='word_1_108' title='bbox 966 1810 1005 1878; x_wconf 84' lang='lat' dir='ltr'><strong>Si</strong></span> <span class='ocrx_word' id='word_1_109' title='bbox 1020 1811 1182 1900; x_wconf 87' lang='lat' dir='ltr'><strong>primum;</strong></span> <span class='ocrx_word' id='word_1_110' title='bbox 1198 1831 1281 1898; x_wconf 84' lang='lat' dir='ltr'><strong>ergo</strong></span> <span class='ocrx_word' id='word_1_111' title='bbox 1297 1831 1319 1876; x_wconf 90' lang='lat' dir='ltr'><strong>a</strong></span> <span class='ocrx_word' id='word_1_112' title='bbox 1334 1810 1406 1876; x_wconf 86' lang='lat' dir='ltr'><strong>for·</strong></span> 
     </span>
     <span class='ocr_line' id='line_1_16' title="bbox 283 1917 1404 2007; baseline -0.002 -21"><span class='ocrx_word' id='word_1_113' title='bbox 283 1919 368 1986; x_wconf 90' lang='lat' dir='ltr'><strong>tiori</strong></span> <span class='ocrx_word' id='word_1_114' title='bbox 392 1917 543 2007; x_wconf 91' lang='lat' dir='ltr'><strong>idipsum</strong></span> <span class='ocrx_word' id='word_1_115' title='bbox 566 1918 795 2007; x_wconf 85' lang='lat' dir='ltr'><strong>privilegium</strong></span> <span class='ocrx_word' id='word_1_116' title='bbox 812 1921 881 1987; x_wconf 88' lang='lat' dir='ltr'><strong>erit</strong></span> <span class='ocrx_word' id='word_1_117' title='bbox 896 1919 1135 1986; x_wconf 89' lang='lat' dir='ltr'><strong>affirmandum</strong></span> <span class='ocrx_word' id='word_1_118' title='bbox 1151 1923 1188 1986; x_wconf 87' lang='lat' dir='ltr'><strong>et</strong></span> <span class='ocrx_word' id='word_1_119' title='bbox 1207 1917 1404 1986; x_wconf 89' lang='lat' dir='ltr'><strong>attribuen-</strong></span> 
     </span>
     <span class='ocr_line' id='line_1_17' title="bbox 283 2019 1405 2116; baseline 0 -24"><span class='ocrx_word' id='word_1_120' title='bbox 283 2019 365 2092; x_wconf 91' lang='lat' dir='ltr'><strong>dum</strong></span> <span class='ocrx_word' id='word_1_121' title='bbox 387 2025 541 2092; x_wconf 89' lang='lat' dir='ltr'><strong>Romano</strong></span> <span class='ocrx_word' id='word_1_122' title='bbox 564 2025 802 2111; x_wconf 85' lang='lat' dir='ltr'><strong>Patriarchae,</strong></span> <span class='ocrx_word' id='word_1_123' title='bbox 815 2032 936 2116; x_wconf 85' lang='lat' dir='ltr'><strong>utpote</strong></span> <span class='ocrx_word' id='word_1_124' title='bbox 960 2026 1166 2111; x_wconf 85' lang='lat' dir='ltr'><strong>universali,</strong></span> <span class='ocrx_word' id='word_1_125' title='bbox 1192 2032 1229 2093; x_wconf 91' lang='lat' dir='ltr'><strong>et</strong></span> <span class='ocrx_word' id='word_1_126' title='bbox 1250 2025 1405 2092; x_wconf 91' lang='lat' dir='ltr'><strong>omnium</strong></span> 
     </span>
     <span class='ocr_line' id='line_1_18' title="bbox 283 2133 1405 2225; baseline -0.002 -24"><span class='ocrx_word' id='word_1_127' title='bbox 283 2139 477 2201; x_wconf 86' lang='lat' dir='ltr'><strong>ceterorum</strong></span> <span class='ocrx_word' id='word_1_128' title='bbox 499 2133 679 2224; x_wconf 90' lang='lat' dir='ltr'><strong>Principi:</strong></span> <span class='ocrx_word' id='word_1_129' title='bbox 716 2137 791 2203; x_wconf 92' lang='lat' dir='ltr'><strong>Hoc</strong></span> <span class='ocrx_word' id='word_1_130' title='bbox 814 2136 905 2204; x_wconf 90' lang='lat' dir='ltr'><strong>enim</strong></span> <span class='ocrx_word' id='word_1_131' title='bbox 929 2137 1084 2225; x_wconf 87' lang='lat' dir='ltr'><strong>ipsorum</strong></span> <span class='ocrx_word' id='word_1_132' title='bbox 1113 2134 1405 2204; x_wconf 85' lang='lat' dir='ltr'><strong>Nestorianorum</strong></span> 
     </span>
     <span class='ocr_line' id='line_1_19' title="bbox 284 2240 1403 2331; baseline 0 -23"><span class='ocrx_word' id='word_1_133' title='bbox 284 2263 443 2310; x_wconf 88' lang='lat' dir='ltr'><strong>concessa</strong></span> <span class='ocrx_word' id='word_1_134' title='bbox 465 2240 640 2331; x_wconf 88' lang='lat' dir='ltr'><strong>principia</strong></span> <span class='ocrx_word' id='word_1_135' title='bbox 662 2243 855 2331; x_wconf 84' lang='lat' dir='ltr'><strong>postulant,</strong></span> <span class='ocrx_word' id='word_1_136' title='bbox 870 2247 912 2310; x_wconf 87' lang='lat' dir='ltr'><strong>nt</strong></span> <span class='ocrx_word' id='word_1_137' title='bbox 934 2242 1058 2310; x_wconf 87' lang='lat' dir='ltr'><strong>saltem</strong></span> <span class='ocrx_word' id='word_1_138' title='bbox 1083 2241 1199 2310; x_wconf 87' lang='lat' dir='ltr'><strong>eodem</strong></span> <span class='ocrx_word' id='word_1_139' title='bbox 1219 2242 1300 2330; x_wconf 87' lang='lat' dir='ltr'><strong>jure</strong></span> <span class='ocrx_word' id='word_1_140' title='bbox 1316 2262 1403 2329; x_wconf 81' lang='lat' dir='ltr'><strong>gau·¹</strong></span> 
     </span>
    </p>
   </div>
   <div class='ocr_carea' id='block_1_2' title="bbox 284 2349 1404 2526">
    <p class='ocr_par' dir='ltr' id='par_1_4' title="bbox 284 2349 1404 2526">
     <span class='ocr_line' id='line_1_20' title="bbox 284 2349 1404 2441; baseline -0.001 -25"><span class='ocrx_word' id='word_1_141' title='bbox 284 2349 364 2416; x_wconf 89' lang='lat' dir='ltr'><strong>deat</strong></span> <span class='ocrx_word' id='word_1_142' title='bbox 387 2349 448 2440; x_wconf 88' lang='lat' dir='ltr'><strong>qni</strong></span> <span class='ocrx_word' id='word_1_143' title='bbox 470 2355 580 2417; x_wconf 88' lang='lat' dir='ltr'><strong>totam</strong></span> <span class='ocrx_word' id='word_1_144' title='bbox 612 2350 812 2419; x_wconf 88' lang='lat' dir='ltr'><strong>moderatur</strong></span> <span class='ocrx_word' id='word_1_145' title='bbox 843 2349 1058 2434; x_wconf 86' lang='lat' dir='ltr'><strong>Ecclesiam,</strong></span> <span class='ocrx_word' id='word_1_146' title='bbox 1086 2372 1152 2441; x_wconf 90' lang='lat' dir='ltr'><strong>quo</strong></span> <span class='ocrx_word' id='word_1_147' title='bbox 1180 2349 1241 2440; x_wconf 92' lang='lat' dir='ltr'><strong>qui</strong></span> <span class='ocrx_word' id='word_1_148' title='bbox 1267 2352 1404 2437; x_wconf 85' lang='lat' dir='ltr'><strong>partem</strong></span> 
     </span>
     <span class='ocr_line' id='line_1_21' title="bbox 284 2455 397 2526; baseline 0.018 -4"><span class='ocrx_word' id='word_1_149' title='bbox 284 2455 397 2526; x_wconf 73' lang='lat' dir='ltr'><strong>illius</strong></span> 
     </span>
    </p>
   </div>
   <div class='ocr_carea' id='block_1_3' title="bbox 280 2562 1518 2656">
    <p class='ocr_par' dir='ltr' id='par_1_5' title="bbox 280 2562 1518 2656">
     <span class='ocr_line' id='line_1_22' title="bbox 280 2562 1518 2656; baseline -0.002 -25"><span class='ocrx_word' id='word_1_150' title='bbox 280 2598 285 2620; x_wconf 89' lang='lat'><strong>·</strong></span> <span class='ocrx_word' id='word_1_151' title='bbox 350 2565 563 2634; x_wconf 87' lang='lat' dir='ltr'><strong>Praesertim</strong></span> <span class='ocrx_word' id='word_1_152' title='bbox 587 2589 693 2656; x_wconf 91' lang='lat' dir='ltr'><strong>quum</strong></span> <span class='ocrx_word' id='word_1_153' title='bbox 718 2565 899 2634; x_wconf 90' lang='lat' dir='ltr'><strong>oraculum</strong></span> <span class='ocrx_word' id='word_1_154' title='bbox 922 2565 1077 2649; x_wconf 87' lang='lat' dir='ltr'><strong>Christi,</strong></span> <span class='ocrx_word' id='word_1_155' title='bbox 1097 2585 1201 2654; x_wconf 87' lang='lat' dir='ltr'><strong>super</strong></span> <span class='ocrx_word' id='word_1_156' title='bbox 1224 2562 1335 2654; x_wconf 89' lang='lat' dir='ltr'><strong>quod,</strong></span> <span class='ocrx_word' id='word_1_157' title='bbox 1362 2569 1407 2630; x_wconf 89' lang='lat' dir='ltr'><strong>ut</strong></span> <span class='ocrx_word' id='word_1_158' title='bbox 1517 2591 1518 2614; x_wconf 26' lang='grc' dir='ltr'><strong>ἱ</strong></span> 
     </span>
    </p>
   </div>
   <div class='ocr_carea' id='block_1_4' title="bbox 283 2671 1404 2762">
    <p class='ocr_par' dir='ltr' id='par_1_6' title="bbox 283 2671 1404 2762">
     <span class='ocr_line' id='line_1_23' title="bbox 283 2671 1404 2762; baseline -0.004 -22"><span class='ocrx_word' id='word_1_159' title='bbox 283 2672 459 2757; x_wconf 85' lang='lat' dir='ltr'><strong>vidimus,</strong></span> <span class='ocrx_word' id='word_1_160' title='bbox 486 2673 611 2742; x_wconf 82' lang='lat' dir='ltr'><strong>fundat</strong></span> <span class='ocrx_word' id='word_1_161' title='bbox 642 2674 846 2743; x_wconf 75' lang='lat' dir='ltr'><strong>Timotheus</strong></span> <span class='ocrx_word' id='word_1_162' title='bbox 877 2673 1079 2762; x_wconf 90' lang='lat' dir='ltr'><strong>hujusmodi</strong></span> <span class='ocrx_word' id='word_1_163' title='bbox 1109 2672 1204 2761; x_wconf 89' lang='lat' dir='ltr'><strong>juris</strong></span> <span class='ocrx_word' id='word_1_164' title='bbox 1232 2671 1404 2758; x_wconf 83' lang='lat' dir='ltr'><strong>originem</strong></span> 
     </span>
    </p>
   </div>
   <div class='ocr_carea' id='block_1_5' title="bbox 282 2777 1518 2874">
    <p class='ocr_par' dir='ltr' id='par_1_7' title="bbox 282 2777 1518 2874">
     <span class='ocr_line' id='line_1_24' title="bbox 282 2777 1518 2874; baseline -0.004 -26"><span class='ocrx_word' id='word_1_165' title='bbox 282 2787 318 2848; x_wconf 89' lang='lat' dir='ltr'><strong>et</strong></span> <span class='ocrx_word' id='word_1_166' title='bbox 340 2780 553 2864; x_wconf 88' lang='lat' dir='ltr'><strong>firmitatem,</strong></span> <span class='ocrx_word' id='word_1_167' title='bbox 573 2781 616 2848; x_wconf 88' lang='lat' dir='ltr'><strong>ad</strong></span> <span class='ocrx_word' id='word_1_168' title='bbox 642 2780 833 2849; x_wconf 86' lang='lat' dir='ltr'><strong>Simeonem</strong></span> <span class='ocrx_word' id='word_1_169' title='bbox 856 2781 1000 2849; x_wconf 88' lang='lat' dir='ltr'><strong>Petrum</strong></span> <span class='ocrx_word' id='word_1_170' title='bbox 1024 2781 1073 2848; x_wconf 85' lang='lat' dir='ltr'><strong>sit</strong></span> <span class='ocrx_word' id='word_1_171' title='bbox 1096 2780 1280 2862; x_wconf 89' lang='lat' dir='ltr'><strong>directum,</strong></span> <span class='ocrx_word' id='word_1_172' title='bbox 1300 2777 1405 2866; x_wconf 87' lang='lat' dir='ltr'><strong>cujus</strong></span> <span class='ocrx_word' id='word_1_173' title='bbox 1517 2851 1518 2874; x_wconf 14' lang='grc' dir='ltr'>χ</span> 
     </span>
    </p>
   </div>
   <div class='ocr_carea' id='block_1_6' title="bbox 283 2887 1404 3088">
    <p class='ocr_par' dir='ltr' id='par_1_8' title="bbox 283 2887 1404 3088">
     <span class='ocr_line' id='line_1_25' title="bbox 283 2887 1403 2976; baseline -0.002 -22"><span class='ocrx_word' id='word_1_174' title='bbox 283 2887 421 2976; x_wconf 83' lang='lat' dir='ltr'><strong>proprie</strong></span> <span class='ocrx_word' id='word_1_175' title='bbox 444 2911 620 2956; x_wconf 85' lang='lat' dir='ltr'><strong>successor</strong></span> <span class='ocrx_word' id='word_1_176' title='bbox 637 2889 801 2958; x_wconf 84' lang='lat' dir='ltr'><strong>stlocum</strong></span> <span class='ocrx_word' id='word_1_177' title='bbox 824 2895 945 2958; x_wconf 91' lang='lat' dir='ltr'><strong>tenens</strong></span> <span class='ocrx_word' id='word_1_178' title='bbox 962 2887 1057 2956; x_wconf 85' lang='lat' dir='ltr'><strong>solus</strong></span> <span class='ocrx_word' id='word_1_179' title='bbox 1073 2887 1215 2956; x_wconf 87' lang='lat' dir='ltr'><strong>exsistit</strong></span> <span class='ocrx_word' id='word_1_180' title='bbox 1225 2887 1403 2954; x_wconf 84' lang='lat' dir='ltr'><strong>Romanae</strong></span> 
     </span>
     <span class='ocr_line' id='line_1_26' title="bbox 283 2993 1404 3088; baseline -0.002 -26"><span class='ocrx_word' id='word_1_181' title='bbox 283 2994 459 3063; x_wconf 88' lang='lat' dir='ltr'><strong>Ecclesiae</strong></span> <span class='ocrx_word' id='word_1_182' title='bbox 466 2995 687 3066; x_wconf 87' lang='lat' dir='ltr'><strong>Patriarcha.</strong></span> <span class='ocrx_word' id='word_1_183' title='bbox 701 2997 801 3080; x_wconf 75' lang='lat' dir='ltr'><strong>Quod</strong></span> <span class='ocrx_word' id='word_1_184' title='bbox 811 2998 885 3088; x_wconf 90' lang='lat' dir='ltr'><strong>jam</strong></span> <span class='ocrx_word' id='word_1_185' title='bbox 898 3004 1073 3066; x_wconf 88' lang='lat' dir='ltr'><strong>ostensum</strong></span> <span class='ocrx_word' id='word_1_186' title='bbox 1087 3001 1141 3064; x_wconf 91' lang='lat' dir='ltr'><strong>est</strong></span> <span class='ocrx_word' id='word_1_187' title='bbox 1153 2993 1404 3065; x_wconf 87' lang='lat' dir='ltr'><strong>aNestorianis</strong></span> 
     </span>
    </p>
   </div>
   <div class='ocr_carea' id='block_1_7' title="bbox 284 3101 1518 3194">
    <p class='ocr_par' dir='ltr' id='par_1_9' title="bbox 284 3101 1518 3194">
     <span class='ocr_line' id='line_1_27' title="bbox 284 3101 1518 3194; baseline -0.002 -24"><span class='ocrx_word' id='word_1_188' title='bbox 284 3102 400 3171; x_wconf 90' lang='lat' dir='ltr'><strong>doceri</strong></span> <span class='ocrx_word' id='word_1_189' title='bbox 423 3109 458 3170; x_wconf 90' lang='lat' dir='ltr'><strong>et</strong></span> <span class='ocrx_word' id='word_1_190' title='bbox 481 3104 588 3188; x_wconf 89' lang='lat' dir='ltr'><strong>credi,</strong></span> <span class='ocrx_word' id='word_1_191' title='bbox 603 3109 639 3172; x_wconf 91' lang='lat' dir='ltr'><strong>et</strong></span> <span class='ocrx_word' id='word_1_192' title='bbox 661 3105 877 3189; x_wconf 90' lang='lat' dir='ltr'><strong>nominatim,</strong></span> <span class='ocrx_word' id='word_1_193' title='bbox 893 3105 930 3172; x_wconf 90' lang='lat' dir='ltr'><strong>in</strong></span> <span class='ocrx_word' id='word_1_194' title='bbox 946 3104 1020 3194; x_wconf 88' lang='lat' dir='ltr'><strong>ipso</strong></span> <span class='ocrx_word' id='word_1_195' title='bbox 1035 3103 1099 3170; x_wconf 91' lang='lat' dir='ltr'><strong>hoo</strong></span> <span class='ocrx_word' id='word_1_196' title='bbox 1114 3101 1274 3194; x_wconf 92' lang='lat' dir='ltr'><strong>Epitome</strong></span> <span class='ocrx_word' id='word_1_197' title='bbox 1289 3101 1402 3169; x_wconf 91' lang='lat' dir='ltr'><strong>Ebed·</strong></span> <span class='ocrx_word' id='word_1_198' title='bbox 1517 3115 1518 3120; x_wconf 76' lang='grc'>’</span> 
     </span>
    </p>
   </div>
   <div class='ocr_carea' id='block_1_8' title="bbox 281 3209 1403 3515">
    <p class='ocr_par' dir='ltr' id='par_1_10' title="bbox 281 3209 1403 3515">
     <span class='ocr_line' id='line_1_28' title="bbox 281 3209 1142 3300; baseline -0.001 -22"><span class='ocrx_word' id='word_1_199' title='bbox 281 3210 372 3300; x_wconf 85' lang='lat' dir='ltr'><strong>jesu,</strong></span> <span class='ocrx_word' id='word_1_200' title='bbox 398 3213 434 3277; x_wconf 91' lang='lat' dir='ltr'><strong>et</strong></span> <span class='ocrx_word' id='word_1_201' title='bbox 456 3211 499 3276; x_wconf 89' lang='lat' dir='ltr'><strong>ab</strong></span> <span class='ocrx_word' id='word_1_202' title='bbox 522 3210 598 3298; x_wconf 87' lang='lat' dir='ltr'><strong>ipso</strong></span> <span class='ocrx_word' id='word_1_203' title='bbox 621 3211 685 3279; x_wconf 93' lang='lat' dir='ltr'><strong>hoc</strong></span> <span class='ocrx_word' id='word_1_204' title='bbox 710 3211 889 3279; x_wconf 83' lang='lat' dir='ltr'><strong>Timotheo</strong></span> <span class='ocrx_word' id='word_1_205' title='bbox 912 3210 945 3276; x_wconf 79' lang='lat'><strong>1⁰</strong></span> <span class='ocrx_word' id='word_1_206' title='bbox 969 3210 1055 3277; x_wconf 86' lang='lat' dir='ltr'><strong>alibi</strong></span> <span class='ocrx_word' id='word_1_207' title='bbox 1079 3209 1142 3296; x_wconf 90' lang='lat' dir='ltr'><strong>(l).</strong></span> 
     </span>
     <span class='ocr_line' id='line_1_29' title="bbox 351 3315 1402 3404; baseline -0.004 -18"><span class='ocrx_word' id='word_1_208' title='bbox 351 3318 390 3386; x_wconf 81' lang='lat' dir='ltr'><strong>Si</strong></span> <span class='ocrx_word' id='word_1_209' title='bbox 413 3341 496 3387; x_wconf 88' lang='lat' dir='ltr'><strong>vero</strong></span> <span class='ocrx_word' id='word_1_210' title='bbox 520 3319 813 3403; x_wconf 87' lang='lat' dir='ltr'><strong>secundum,l1.e.</strong></span> <span class='ocrx_word' id='word_1_211' title='bbox 838 3319 868 3386; x_wconf 89' lang='lat' dir='ltr'><strong>si</strong></span> <span class='ocrx_word' id='word_1_212' title='bbox 891 3317 1099 3386; x_wconf 88' lang='lat' dir='ltr'><strong>Patriarcha</strong></span> <span class='ocrx_word' id='word_1_213' title='bbox 1127 3316 1204 3384; x_wconf 93' lang='lat' dir='ltr'><strong>heic</strong></span> <span class='ocrx_word' id='word_1_214' title='bbox 1227 3315 1402 3404; x_wconf 87' lang='lat' dir='ltr'><strong>accipitur</strong></span> 
     </span>
     <span class='ocr_line' id='line_1_30' title="bbox 284 3423 1403 3515; baseline -0.002 -23"><span class='ocrx_word' id='word_1_215' title='bbox 284 3448 346 3494; x_wconf 92' lang='lat' dir='ltr'><strong>ceu</strong></span> <span class='ocrx_word' id='word_1_216' title='bbox 362 3432 469 3515; x_wconf 88' lang='lat' dir='ltr'><strong>caput</strong></span> <span class='ocrx_word' id='word_1_217' title='bbox 484 3426 597 3493; x_wconf 91' lang='lat' dir='ltr'><strong>totins</strong></span> <span class='ocrx_word' id='word_1_218' title='bbox 610 3425 789 3494; x_wconf 88' lang='lat' dir='ltr'><strong>Ecclesiae</strong></span> <span class='ocrx_word' id='word_1_219' title='bbox 806 3425 997 3494; x_wconf 87' lang='lat' dir='ltr'><strong>catholicae</strong></span> <span class='ocrx_word' id='word_1_220' title='bbox 1013 3425 1051 3492; x_wconf 89' lang='lat' dir='ltr'><strong>in</strong></span> <span class='ocrx_word' id='word_1_221' title='bbox 1068 3447 1149 3493; x_wconf 87' lang='lat' dir='ltr'><strong>vero</strong></span> <span class='ocrx_word' id='word_1_222' title='bbox 1174 3446 1277 3492; x_wconf 85' lang='lat' dir='ltr'><strong>sensu</strong></span> <span class='ocrx_word' id='word_1_223' title='bbox 1294 3423 1403 3514; x_wconf 88' lang='lat' dir='ltr'><strong>(quod</strong></span> 
     </span>
    </p>
   </div>
   <div class='ocr_carea' id='block_1_9' title="bbox 284 3529 1518 3618">
    <p class='ocr_par' dir='ltr' id='par_1_11' title="bbox 284 3529 1518 3618">
     <span class='ocr_line' id='line_1_31' title="bbox 284 3529 1518 3618; baseline -0.002 -20"><span class='ocrx_word' id='word_1_224' title='bbox 284 3539 442 3601; x_wconf 87' lang='lat' dir='ltr'><strong>amente</strong></span> <span class='ocrx_word' id='word_1_225' title='bbox 467 3532 665 3618; x_wconf 91' lang='lat' dir='ltr'><strong>Timothei,</strong></span> <span class='ocrx_word' id='word_1_226' title='bbox 691 3531 776 3600; x_wconf 90' lang='lat' dir='ltr'><strong>licet</strong></span> <span class='ocrx_word' id='word_1_227' title='bbox 800 3555 876 3600; x_wconf 90' lang='lat' dir='ltr'><strong>cum</strong></span> <span class='ocrx_word' id='word_1_228' title='bbox 908 3530 1182 3600; x_wconf 90' lang='lat' dir='ltr'><strong>contradictione</strong></span> <span class='ocrx_word' id='word_1_229' title='bbox 1214 3529 1401 3618; x_wconf 88' lang='lat' dir='ltr'><strong>sibiipsi,</strong></span> <span class='ocrx_word' id='word_1_230' title='bbox 1517 3539 1518 3544; x_wconf 77' lang='grc'>’</span> 
     </span>
    </p>
   </div>
   <div class='ocr_carea' id='block_1_10' title="bbox 282 3637 1403 3837">
    <p class='ocr_par' dir='ltr' id='par_1_12' title="bbox 282 3637 1403 3837">
     <span class='ocr_line' id='line_1_32' title="bbox 283 3637 1402 3730; baseline -0.001 -23"><span class='ocrx_word' id='word_1_231' title='bbox 283 3662 350 3707; x_wconf 91' lang='lat' dir='ltr'><strong>non</strong></span> <span class='ocrx_word' id='word_1_232' title='bbox 375 3640 518 3709; x_wconf 88' lang='lat' dir='ltr'><strong>videtur</strong></span> <span class='ocrx_word' id='word_1_233' title='bbox 541 3640 716 3725; x_wconf 89' lang='lat' dir='ltr'><strong>alienum,</strong></span> <span class='ocrx_word' id='word_1_234' title='bbox 743 3640 973 3709; x_wconf 86' lang='lat' dir='ltr'><strong>consideratis</strong></span> <span class='ocrx_word' id='word_1_235' title='bbox 1002 3639 1221 3730; x_wconf 87' lang='lat' dir='ltr'><strong>loquutionis</strong></span> <span class='ocrx_word' id='word_1_236' title='bbox 1250 3637 1342 3706; x_wconf 91' lang='lat' dir='ltr'><strong>serie</strong></span> <span class='ocrx_word' id='word_1_237' title='bbox 1365 3645 1402 3706; x_wconf 90' lang='lat' dir='ltr'><strong>et</strong></span> 
     </span>
     <span class='ocr_line' id='line_1_33' title="bbox 282 3744 1403 3837; baseline -0.003 -23"><span class='ocrx_word' id='word_1_238' title='bbox 282 3747 423 3834; x_wconf 92' lang='lat' dir='ltr'><strong>indole),</strong></span> <span class='ocrx_word' id='word_1_239' title='bbox 450 3752 545 3832; x_wconf 90' lang='lat' dir='ltr'><strong>tnnc,</strong></span> <span class='ocrx_word' id='word_1_240' title='bbox 565 3771 605 3816; x_wconf 90' lang='lat' dir='ltr'><strong>ea</strong></span> <span class='ocrx_word' id='word_1_241' title='bbox 621 3745 820 3837; x_wconf 86' lang='lat' dir='ltr'><strong>hypothesi,</strong></span> <span class='ocrx_word' id='word_1_242' title='bbox 840 3749 1018 3816; x_wconf 90' lang='lat' dir='ltr'><strong>emendato</strong></span> <span class='ocrx_word' id='word_1_243' title='bbox 1034 3769 1162 3831; x_wconf 88' lang='lat' dir='ltr'><strong>errore,</strong></span> <span class='ocrx_word' id='word_1_244' title='bbox 1181 3750 1218 3814; x_wconf 91' lang='lat' dir='ltr'><strong>et</strong></span> <span class='ocrx_word' id='word_1_245' title='bbox 1232 3744 1403 3813; x_wconf 86' lang='lat' dir='ltr'><strong>instituto</strong></span> 
     </span>
    </p>
   </div>
   <div class='ocr_carea' id='block_1_11' title="bbox 217 3853 1518 4054">
    <p class='ocr_par' dir='ltr' id='par_1_13' title="bbox 217 3853 1518 4054">
     <span class='ocr_line' id='line_1_34' title="bbox 217 3853 1401 3962; baseline 0.001 -41"><span class='ocrx_word' id='word_1_246' title='bbox 217 3853 218 3859; x_wconf 72' lang='grc'>’</span> <span class='ocrx_word' id='word_1_247' title='bbox 282 3860 500 3943; x_wconf 83' lang='lat' dir='ltr'><strong>argumento,</strong></span> <span class='ocrx_word' id='word_1_248' title='bbox 527 3861 568 3923; x_wconf 91' lang='lat' dir='ltr'><strong>ut</strong></span> <span class='ocrx_word' id='word_1_249' title='bbox 590 3855 704 3944; x_wconf 88' lang='lat' dir='ltr'><strong>ajunt,</strong></span> <span class='ocrx_word' id='word_1_250' title='bbox 720 3857 765 3925; x_wconf 89' lang='lat' dir='ltr'><strong>ad</strong></span> <span class='ocrx_word' id='word_1_251' title='bbox 780 3856 962 3962; x_wconf 76' lang='lat' dir='ltr'><strong>hominem,</strong></span> <span class='ocrx_word' id='word_1_252' title='bbox 978 3856 1040 3924; x_wconf 92' lang='lat' dir='ltr'><strong>uni</strong></span> <span class='ocrx_word' id='word_1_253' title='bbox 1052 3856 1205 3923; x_wconf 85' lang='lat' dir='ltr'><strong>Romano</strong></span> <span class='ocrx_word' id='word_1_254' title='bbox 1221 3853 1401 3939; x_wconf 88' lang='lat' dir='ltr'><strong>Pontifici,</strong></span> 
     </span>
     <span class='ocr_line' id='line_1_35' title="bbox 282 3960 1518 4054; baseline 0 -24"><span class='ocrx_word' id='word_1_255' title='bbox 282 3970 403 4052; x_wconf 88' lang='lat' dir='ltr'><strong>utpote</strong></span> <span class='ocrx_word' id='word_1_256' title='bbox 425 3963 526 4032; x_wconf 91' lang='lat' dir='ltr'><strong>unice</strong></span> <span class='ocrx_word' id='word_1_257' title='bbox 550 3965 669 4034; x_wconf 88' lang='lat' dir='ltr'><strong>veraci</strong></span> <span class='ocrx_word' id='word_1_258' title='bbox 692 3972 728 4034; x_wconf 88' lang='lat' dir='ltr'><strong>et</strong></span> <span class='ocrx_word' id='word_1_259' title='bbox 752 3964 911 4054; x_wconf 85' lang='lat' dir='ltr'><strong>legitimo</strong></span> <span class='ocrx_word' id='word_1_260' title='bbox 934 3963 1047 4033; x_wconf 85' lang='lat' dir='ltr'><strong>totius</strong></span> <span class='ocrx_word' id='word_1_261' title='bbox 1059 3962 1238 4034; x_wconf 87' lang='lat' dir='ltr'><strong>Ecclesiae</strong></span> <span class='ocrx_word' id='word_1_262' title='bbox 1262 3960 1403 4033; x_wconf 81' lang='lat' dir='ltr'><strong>Christi</strong></span> <span class='ocrx_word' id='word_1_263' title='bbox 1517 3967 1518 3980; x_wconf 61' lang='lat'>¹</span> 
     </span>
    </p>
   </div>
   <div class='ocr_carea' id='block_1_12' title="bbox 282 4129 468 4141">
    <p class='ocr_par' dir='ltr' id='par_1_14' title="bbox 282 4129 468 4141">
     <span class='ocr_line' id='line_1_36' title="bbox 282 4129 468 4141; baseline -0.011 -3"><span class='ocrx_word' id='word_1_264' title='bbox 282 4129 468 4141; x_wconf 69' lang='lat'><strong>-—-..--·--</strong></span> 
     </span>
    </p>
   </div>
   <div class='ocr_carea' id='block_1_13' title="bbox 351 4197 959 4276">
    <p class='ocr_par' dir='ltr' id='par_1_15' title="bbox 351 4197 959 4276">
     <span class='ocr_line' id='line_1_37' title="bbox 351 4197 959 4276; baseline 0 -22"><span class='ocrx_word' id='word_1_265' title='bbox 351 4197 395 4276; x_wconf 91' lang='lat'><strong>(1)</strong></span> <span class='ocrx_word' id='word_1_266' title='bbox 413 4202 471 4254; x_wconf 77' lang='lat' dir='ltr'><strong>Otr.</strong></span> <span class='ocrx_word' id='word_1_267' title='bbox 486 4217 508 4256; x_wconf 89' lang='lat' dir='ltr'><strong>c.</strong></span> <span class='ocrx_word' id='word_1_268' title='bbox 525 4203 551 4254; x_wconf 76' lang='grc'><strong>2.</strong></span> <span class='ocrx_word' id='word_1_269' title='bbox 566 4215 662 4268; x_wconf 84' lang='lat' dir='ltr'><strong>supra,</strong></span> <span class='ocrx_word' id='word_1_270' title='bbox 682 4203 707 4267; x_wconf 66' lang='grc' dir='ltr'><strong>ἓ.</strong></span> <span class='ocrx_word' id='word_1_271' title='bbox 718 4203 769 4256; x_wconf 87' lang='lat' dir='ltr'><strong>IV.</strong></span> <span class='ocrx_word' id='word_1_272' title='bbox 790 4203 819 4254; x_wconf 85' lang='lat' dir='ltr'><strong>et</strong></span> <span class='ocrx_word' id='word_1_273' title='bbox 837 4202 861 4266; x_wconf 73' lang='lat' dir='ltr'><strong>S.</strong></span> <span class='ocrx_word' id='word_1_274' title='bbox 876 4201 959 4255; x_wconf 81' lang='lat' dir='ltr'>VIII.</span> 
     </span>
    </p>
   </div>
   <div class='ocr_carea' id='block_1_14' title="bbox 0 0 1532 4756">
    <p class='ocr_par' dir='ltr' id='par_1_16' title="bbox 0 0 1532 4756">
     <span class='ocr_line' id='line_1_38' title="bbox 0 0 1532 4756; baseline 0 0"><span class='ocrx_word' id='word_1_275' title='bbox 0 0 1532 4756; x_wconf 95' lang='lat' dir='ltr'><strong> </strong></span> 
     </span>
    </p>
   </div>
  </div>
 </body>
</html>
