<?xml version="1.0" encoding="UTF-8"?>
<!DOCTYPE html PUBLIC "-//W3C//DTD XHTML 1.0 Transitional//EN"
    "http://www.w3.org/TR/xhtml1/DTD/xhtml1-transitional.dtd">
<html xmlns="http://www.w3.org/1999/xhtml" xml:lang="en" lang="en">
 <head>
  <title>
</title>
<meta http-equiv="Content-Type" content="text/html;charset=utf-8" />
  <meta name='ocr-system' content='tesseract 3.04.00' />
  <meta name='ocr-capabilities' content='ocr_page ocr_carea ocr_par ocr_line ocrx_word'/>
</head>
<body>
  <div class='ocr_page' id='page_1' title='image "./syriorientaless00khaygoog_0016.png"; bbox 0 0 3036 4750; ppageno 0'>
   <div class='ocr_carea' id='block_1_1' title="bbox 560 183 714 222">
    <p class='ocr_par' dir='ltr' id='par_1_1' title="bbox 560 183 714 222">
     <span class='ocr_line' id='line_1_1' title="bbox 560 183 714 222; baseline 0 -12"><span class='ocrx_word' id='word_1_1' title='bbox 560 183 714 222; x_wconf 75' lang='lat' dir='ltr'>-v—</span> 
     </span>
    </p>
   </div>
   <div class='ocr_carea' id='block_1_2' title="bbox 74 285 1202 4282">
    <p class='ocr_par' dir='ltr' id='par_1_2' title="bbox 78 285 1202 1632">
     <span class='ocr_line' id='line_1_2' title="bbox 83 285 1200 382; baseline -0.001 -19"><span class='ocrx_word' id='word_1_2' title='bbox 83 313 125 363; x_wconf 88' lang='lat' dir='ltr'>ac</span> <span class='ocrx_word' id='word_1_3' title='bbox 152 287 321 365; x_wconf 87' lang='lat' dir='ltr'>Ritibus.</span> <span class='ocrx_word' id='word_1_4' title='bbox 343 285 517 364; x_wconf 72' lang='lat' dir='ltr'><strong>Profecto</strong></span> <span class='ocrx_word' id='word_1_5' title='bbox 545 285 593 382; x_wconf 91' lang='lat' dir='ltr'>id,</span> <span class='ocrx_word' id='word_1_6' title='bbox 618 288 716 364; x_wconf 88' lang='lat' dir='ltr'>inter</span> <span class='ocrx_word' id='word_1_7' title='bbox 744 287 836 364; x_wconf 90' lang='lat' dir='ltr'>alios</span> <span class='ocrx_word' id='word_1_8' title='bbox 864 285 1116 364; x_wconf 88' lang='lat' dir='ltr'>inscrutabilis</span> <span class='ocrx_word' id='word_1_9' title='bbox 1149 287 1200 362; x_wconf 90' lang='lat' dir='ltr'>iu·</span> 
     </span>
     <span class='ocr_line' id='line_1_3' title="bbox 84 411 1200 514; baseline 0 -26"><span class='ocrx_word' id='word_1_10' title='bbox 84 413 170 488; x_wconf 88' lang='lat' dir='ltr'>dicii</span> <span class='ocrx_word' id='word_1_11' title='bbox 198 411 268 489; x_wconf 90' lang='lat' dir='ltr'>Dei</span> <span class='ocrx_word' id='word_1_12' title='bbox 295 411 477 506; x_wconf 85' lang='lat' dir='ltr'>intuitus,</span> <span class='ocrx_word' id='word_1_13' title='bbox 510 413 590 490; x_wconf 91' lang='lat' dir='ltr'>ideo</span> <span class='ocrx_word' id='word_1_14' title='bbox 617 417 716 490; x_wconf 91' lang='lat' dir='ltr'>certe</span> <span class='ocrx_word' id='word_1_15' title='bbox 746 414 798 490; x_wconf 89' lang='lat' dir='ltr'>sic</span> <span class='ocrx_word' id='word_1_16' title='bbox 825 412 1043 514; x_wconf 87' lang='lat' dir='ltr'>dispositum</span> <span class='ocrx_word' id='word_1_17' title='bbox 1083 411 1200 489; x_wconf 85' lang='lat' dir='ltr'>fuisse</span> 
     </span>
     <span class='ocr_line' id='line_1_4' title="bbox 83 536 1202 641; baseline 0.003 -30"><span class='ocrx_word' id='word_1_18' title='bbox 83 538 240 632; x_wconf 90' lang='lat' dir='ltr'>videtur,</span> <span class='ocrx_word' id='word_1_19' title='bbox 264 540 308 613; x_wconf 92' lang='lat' dir='ltr'>ut</span> <span class='ocrx_word' id='word_1_20' title='bbox 344 537 519 614; x_wconf 91' lang='lat' dir='ltr'>continuo</span> <span class='ocrx_word' id='word_1_21' title='bbox 538 564 581 615; x_wconf 90' lang='lat' dir='ltr'>ac</span> <span class='ocrx_word' id='word_1_22' title='bbox 606 538 767 641; x_wconf 89' lang='lat' dir='ltr'>publice,</span> <span class='ocrx_word' id='word_1_23' title='bbox 799 538 927 615; x_wconf 84' lang='lat' dir='ltr'>vivum</span> <span class='ocrx_word' id='word_1_24' title='bbox 955 536 1202 639; x_wconf 89' lang='lat' dir='ltr'>eloquensque</span> 
     </span>
     <span class='ocr_line' id='line_1_5' title="bbox 82 663 1202 764; baseline 0.003 -27"><span class='ocrx_word' id='word_1_25' title='bbox 82 665 304 764; x_wconf 74' lang='lat' dir='ltr'>praebeatur</span> <span class='ocrx_word' id='word_1_26' title='bbox 332 663 545 742; x_wconf 75' lang='lat' dir='ltr'>Catholicae</span> <span class='ocrx_word' id='word_1_27' title='bbox 573 665 722 741; x_wconf 91' lang='lat' dir='ltr'>veritati</span> <span class='ocrx_word' id='word_1_28' title='bbox 759 664 1024 740; x_wconf 90' lang='lat' dir='ltr'>testimonium.</span> <span class='ocrx_word' id='word_1_29' title='bbox 1062 663 1202 741; x_wconf 83' lang='lat' dir='ltr'>Similis</span> 
     </span>
     <span class='ocr_line' id='line_1_6' title="bbox 83 789 1202 868; baseline 0.002 -4"><span class='ocrx_word' id='word_1_30' title='bbox 83 791 138 865; x_wconf 89' lang='lat' dir='ltr'>est</span> <span class='ocrx_word' id='word_1_31' title='bbox 164 789 236 866; x_wconf 91' lang='lat' dir='ltr'>hac</span> <span class='ocrx_word' id='word_1_32' title='bbox 263 789 304 866; x_wconf 91' lang='lat' dir='ltr'>in</span> <span class='ocrx_word' id='word_1_33' title='bbox 331 813 372 865; x_wconf 87' lang='lat' dir='ltr'>re</span> <span class='ocrx_word' id='word_1_34' title='bbox 398 789 495 866; x_wconf 83' lang='lat' dir='ltr'>Filia</span> <span class='ocrx_word' id='word_1_35' title='bbox 513 789 781 868; x_wconf 79' lang='lat' dir='ltr'>Chaldaeorum</span> <span class='ocrx_word' id='word_1_36' title='bbox 808 789 1060 866; x_wconf 86' lang='lat' dir='ltr'>nobilissimae</span> <span class='ocrx_word' id='word_1_37' title='bbox 1088 789 1202 866; x_wconf 91' lang='lat' dir='ltr'>simul</span> 
     </span>
     <span class='ocr_line' id='line_1_7' title="bbox 82 915 1194 1020; baseline -0.002 -28"><span class='ocrx_word' id='word_1_38' title='bbox 82 943 124 993; x_wconf 89' lang='lat' dir='ltr'>ac</span> <span class='ocrx_word' id='word_1_39' title='bbox 151 917 264 992; x_wconf 89' lang='lat' dir='ltr'>nimis</span> <span class='ocrx_word' id='word_1_40' title='bbox 291 916 519 1012; x_wconf 85' lang='lat' dir='ltr'>miserandae</span> <span class='ocrx_word' id='word_1_41' title='bbox 547 917 649 1020; x_wconf 90' lang='lat' dir='ltr'>nepti</span> <span class='ocrx_word' id='word_1_42' title='bbox 678 942 765 995; x_wconf 90' lang='lat' dir='ltr'>suae</span> <span class='ocrx_word' id='word_1_43' title='bbox 788 915 986 1019; x_wconf 83' lang='lat' dir='ltr'>Progeniei</span> <span class='ocrx_word' id='word_1_44' title='bbox 1010 915 1194 1008; x_wconf 86' lang='lat' dir='ltr'>Abrahae,</span> 
     </span>
     <span class='ocr_line' id='line_1_8' title="bbox 81 1039 1199 1144; baseline -0.003 -26"><span class='ocrx_word' id='word_1_45' title='bbox 81 1067 197 1143; x_wconf 88' lang='lat' dir='ltr'>quae,</span> <span class='ocrx_word' id='word_1_46' title='bbox 231 1043 377 1144; x_wconf 75' lang='lat' dir='ltr'>praetm</span> <span class='ocrx_word' id='word_1_47' title='bbox 403 1039 496 1119; x_wconf 89' lang='lat' dir='ltr'>alios</span> <span class='ocrx_word' id='word_1_48' title='bbox 525 1041 671 1117; x_wconf 89' lang='lat' dir='ltr'>divinae</span> <span class='ocrx_word' id='word_1_49' title='bbox 703 1039 974 1117; x_wconf 84' lang='lat' dir='ltr'>misericordiae</span> <span class='ocrx_word' id='word_1_50' title='bbox 1006 1039 1117 1134; x_wconf 76' lang='lat' dir='ltr'>fineS,</span> <span class='ocrx_word' id='word_1_51' title='bbox 1152 1040 1199 1115; x_wconf 87' lang='lat' dir='ltr'>ad</span> 
     </span>
     <span class='ocr_line' id='line_1_9' title="bbox 81 1164 1202 1269; baseline -0.003 -25"><span class='ocrx_word' id='word_1_52' title='bbox 81 1169 149 1244; x_wconf 91' lang='lat' dir='ltr'>hoc</span> <span class='ocrx_word' id='word_1_53' title='bbox 176 1165 371 1269; x_wconf 90' lang='lat' dir='ltr'>praecipue</span> <span class='ocrx_word' id='word_1_54' title='bbox 403 1165 509 1260; x_wconf 87' lang='lat' dir='ltr'>vivit,</span> <span class='ocrx_word' id='word_1_55' title='bbox 544 1165 653 1242; x_wconf 90' lang='lat' dir='ltr'>acin</span> <span class='ocrx_word' id='word_1_56' title='bbox 680 1164 975 1243; x_wconf 89' lang='lat' dir='ltr'>individualitate</span> <span class='ocrx_word' id='word_1_57' title='bbox 999 1188 1065 1241; x_wconf 88' lang='lat' dir='ltr'>seu</span> <span class='ocrx_word' id='word_1_58' title='bbox 1095 1168 1202 1242; x_wconf 88' lang='lat' dir='ltr'>auto-</span> 
     </span>
     <span class='ocr_line' id='line_1_10' title="bbox 81 1289 1201 1388; baseline -0.003 -19"><span class='ocrx_word' id='word_1_59' title='bbox 81 1293 208 1370; x_wconf 90' lang='lat' dir='ltr'>nomia</span> <span class='ocrx_word' id='word_1_60' title='bbox 240 1318 308 1370; x_wconf 90' lang='lat' dir='ltr'>sua</span> <span class='ocrx_word' id='word_1_61' title='bbox 340 1295 608 1388; x_wconf 85' lang='lat' dir='ltr'>conservatur,</span> <span class='ocrx_word' id='word_1_62' title='bbox 645 1295 687 1370; x_wconf 91' lang='lat' dir='ltr'>ut</span> <span class='ocrx_word' id='word_1_63' title='bbox 718 1291 856 1368; x_wconf 90' lang='lat' dir='ltr'>scilicet</span> <span class='ocrx_word' id='word_1_64' title='bbox 889 1289 938 1366; x_wconf 89' lang='lat' dir='ltr'>sit</span> <span class='ocrx_word' id='word_1_65' title='bbox 969 1289 1201 1368; x_wconf 88' lang='lat' dir='ltr'>oraculorum</span> 
     </span>
     <span class='ocr_line' id='line_1_11' title="bbox 80 1414 1202 1521; baseline -0.004 -27"><span class='ocrx_word' id='word_1_66' title='bbox 80 1417 290 1495; x_wconf 89' lang='lat' dir='ltr'>divinorum</span> <span class='ocrx_word' id='word_1_67' title='bbox 330 1440 398 1521; x_wconf 91' lang='lat' dir='ltr'>pro</span> <span class='ocrx_word' id='word_1_68' title='bbox 440 1417 589 1496; x_wconf 79' lang='lat' dir='ltr'>Christo</span> <span class='ocrx_word' id='word_1_69' title='bbox 633 1417 783 1519; x_wconf 88' lang='lat' dir='ltr'>eiusque</span> <span class='ocrx_word' id='word_1_70' title='bbox 819 1415 988 1494; x_wconf 79' lang='lat' dir='ltr'>Ecclesia</span> <span class='ocrx_word' id='word_1_71' title='bbox 1029 1414 1202 1495; x_wconf 89' lang='lat' dir='ltr'>solemnis</span> 
     </span>
     <span class='ocr_line' id='line_1_12' title="bbox 78 1541 546 1632; baseline -0.004 -12"><span class='ocrx_word' id='word_1_72' title='bbox 78 1568 118 1620; x_wconf 89' lang='lat' dir='ltr'>ac</span> <span class='ocrx_word' id='word_1_73' title='bbox 146 1541 403 1620; x_wconf 87' lang='lat' dir='ltr'>irrevocabilis</span> <span class='ocrx_word' id='word_1_74' title='bbox 428 1545 546 1632; x_wconf 86' lang='lat' dir='ltr'>testis.</span> 
     </span>
    </p>

    <p class='ocr_par' dir='ltr' id='par_1_3' title="bbox 74 1665 1201 4282">
     <span class='ocr_line' id='line_1_13' title="bbox 156 1665 1200 1774; baseline -0.006 -27"><span class='ocrx_word' id='word_1_75' title='bbox 156 1669 390 1748; x_wconf 88' lang='lat' dir='ltr'>Secundum:</span> <span class='ocrx_word' id='word_1_76' title='bbox 420 1667 572 1774; x_wconf 81' lang='lat' dir='ltr'>minime</span> <span class='ocrx_word' id='word_1_77' title='bbox 606 1669 842 1746; x_wconf 86' lang='lat' dir='ltr'>inficiandum</span> <span class='ocrx_word' id='word_1_78' title='bbox 875 1669 940 1744; x_wconf 93' lang='lat' dir='ltr'>aut</span> <span class='ocrx_word' id='word_1_79' title='bbox 966 1665 1200 1743; x_wconf 88' lang='lat' dir='ltr'>dissimulan-</span> 
     </span>
     <span class='ocr_line' id='line_1_14' title="bbox 77 1791 1197 1896; baseline -0.006 -24"><span class='ocrx_word' id='word_1_80' title='bbox 77 1796 178 1889; x_wconf 92' lang='lat' dir='ltr'>dum,</span> <span class='ocrx_word' id='word_1_81' title='bbox 211 1794 307 1896; x_wconf 90' lang='lat' dir='ltr'>apud</span> <span class='ocrx_word' id='word_1_82' title='bbox 331 1795 477 1870; x_wconf 92' lang='lat' dir='ltr'>nostros</span> <span class='ocrx_word' id='word_1_83' title='bbox 505 1793 759 1885; x_wconf 76' lang='lat' dir='ltr'>NestorianoS,</span> <span class='ocrx_word' id='word_1_84' title='bbox 792 1791 1027 1895; x_wconf 89' lang='lat' dir='ltr'>pedetentim,</span> <span class='ocrx_word' id='word_1_85' title='bbox 1060 1817 1104 1868; x_wconf 91' lang='lat' dir='ltr'>ac</span> <span class='ocrx_word' id='word_1_86' title='bbox 1132 1815 1197 1893; x_wconf 89' lang='lat' dir='ltr'>per</span> 
     </span>
     <span class='ocr_line' id='line_1_15' title="bbox 77 1917 1199 2023; baseline -0.004 -26"><span class='ocrx_word' id='word_1_87' title='bbox 77 1921 174 1997; x_wconf 88' lang='lat' dir='ltr'>tanti</span> <span class='ocrx_word' id='word_1_88' title='bbox 202 1919 380 2023; x_wconf 80' lang='lat' dir='ltr'>tamporis</span> <span class='ocrx_word' id='word_1_89' title='bbox 399 1919 604 2014; x_wconf 89' lang='lat' dir='ltr'>decursum,</span> <span class='ocrx_word' id='word_1_90' title='bbox 637 1919 727 1996; x_wconf 90' lang='lat' dir='ltr'>alios</span> <span class='ocrx_word' id='word_1_91' title='bbox 746 1922 892 2020; x_wconf 90' lang='lat' dir='ltr'>praeter</span> <span class='ocrx_word' id='word_1_92' title='bbox 911 1917 1096 1994; x_wconf 84' lang='lat' dir='ltr'>haeresim</span> <span class='ocrx_word' id='word_1_93' title='bbox 1123 1919 1199 1995; x_wconf 89' lang='lat' dir='ltr'>Ne-</span> 
     </span>
     <span class='ocr_line' id='line_1_16' title="bbox 78 2043 1199 2148; baseline -0.002 -27"><span class='ocrx_word' id='word_1_94' title='bbox 78 2045 187 2122; x_wconf 90' lang='lat' dir='ltr'>storii</span> <span class='ocrx_word' id='word_1_95' title='bbox 205 2043 399 2147; x_wconf 86' lang='lat' dir='ltr'>irrepsisse</span> <span class='ocrx_word' id='word_1_96' title='bbox 418 2069 562 2148; x_wconf 90' lang='lat' dir='ltr'>quoque</span> <span class='ocrx_word' id='word_1_97' title='bbox 580 2071 733 2138; x_wconf 90' lang='lat' dir='ltr'>errores,</span> <span class='ocrx_word' id='word_1_98' title='bbox 754 2045 1059 2146; x_wconf 89' lang='lat' dir='ltr'>quemadmodum</span> <span class='ocrx_word' id='word_1_99' title='bbox 1078 2043 1199 2121; x_wconf 90' lang='lat' dir='ltr'>omni-</span> 
     </span>
     <span class='ocr_line' id='line_1_17' title="bbox 77 2167 1199 2272; baseline 0 -26"><span class='ocrx_word' id='word_1_100' title='bbox 77 2173 144 2246; x_wconf 87' lang='lat' dir='ltr'>bus</span> <span class='ocrx_word' id='word_1_101' title='bbox 163 2170 246 2246; x_wconf 86' lang='lat' dir='ltr'>fere</span> <span class='ocrx_word' id='word_1_102' title='bbox 264 2169 388 2246; x_wconf 91' lang='lat' dir='ltr'>evenit</span> <span class='ocrx_word' id='word_1_103' title='bbox 397 2168 528 2264; x_wconf 82' lang='lat' dir='ltr'>Sectis,</span> <span class='ocrx_word' id='word_1_104' title='bbox 542 2174 782 2272; x_wconf 86' lang='lat' dir='ltr'>posteaquam</span> <span class='ocrx_word' id='word_1_105' title='bbox 799 2196 822 2246; x_wconf 91' lang='lat' dir='ltr'>a</span> <span class='ocrx_word' id='word_1_106' title='bbox 840 2169 988 2246; x_wconf 82' lang='lat' dir='ltr'>vivente</span> <span class='ocrx_word' id='word_1_107' title='bbox 1005 2167 1199 2246; x_wconf 78' lang='lat' dir='ltr'>Ecclesiae</span> 
     </span>
     <span class='ocr_line' id='line_1_18' title="bbox 78 2293 1200 2397; baseline -0.004 -25"><span class='ocrx_word' id='word_1_108' title='bbox 78 2295 295 2372; x_wconf 75' lang='lat' dir='ltr'>Catholicae</span> <span class='ocrx_word' id='word_1_109' title='bbox 322 2319 473 2397; x_wconf 89' lang='lat' dir='ltr'>corpore</span> <span class='ocrx_word' id='word_1_110' title='bbox 501 2321 544 2372; x_wconf 89' lang='lat' dir='ltr'>ao</span> <span class='ocrx_word' id='word_1_111' title='bbox 562 2293 748 2372; x_wconf 88' lang='lat' dir='ltr'>infallibili</span> <span class='ocrx_word' id='word_1_112' title='bbox 767 2295 987 2397; x_wconf 89' lang='lat' dir='ltr'>Magisterio</span> <span class='ocrx_word' id='word_1_113' title='bbox 1007 2293 1124 2372; x_wconf 88' lang='lat' dir='ltr'>evulsi</span> <span class='ocrx_word' id='word_1_114' title='bbox 1144 2295 1200 2369; x_wconf 90' lang='lat' dir='ltr'>ia-</span> 
     </span>
     <span class='ocr_line' id='line_1_19' title="bbox 78 2421 1199 2526; baseline 0 -30"><span class='ocrx_word' id='word_1_115' title='bbox 78 2421 239 2497; x_wconf 89' lang='lat' dir='ltr'>cuerint.</span> <span class='ocrx_word' id='word_1_116' title='bbox 258 2423 401 2498; x_wconf 91' lang='lat' dir='ltr'>Verum</span> <span class='ocrx_word' id='word_1_117' title='bbox 419 2423 625 2500; x_wconf 89' lang='lat' dir='ltr'>huiusmodi</span> <span class='ocrx_word' id='word_1_118' title='bbox 643 2423 938 2500; x_wconf 90' lang='lat' dir='ltr'>nestorianorum</span> <span class='ocrx_word' id='word_1_119' title='bbox 962 2423 1001 2499; x_wconf 93' lang='lat' dir='ltr'>in</span> <span class='ocrx_word' id='word_1_120' title='bbox 1020 2423 1199 2526; x_wconf 89' lang='lat' dir='ltr'>quosdam</span> 
     </span>
     <span class='ocr_line' id='line_1_20' title="bbox 77 2547 1199 2652; baseline 0 -30"><span class='ocrx_word' id='word_1_121' title='bbox 77 2571 222 2624; x_wconf 89' lang='lat' dir='ltr'>errores</span> <span class='ocrx_word' id='word_1_122' title='bbox 258 2547 380 2650; x_wconf 90' lang='lat' dir='ltr'>lapsus</span> <span class='ocrx_word' id='word_1_123' title='bbox 411 2549 628 2652; x_wconf 88' lang='lat' dir='ltr'>neutiquam</span> <span class='ocrx_word' id='word_1_124' title='bbox 660 2550 738 2626; x_wconf 89' lang='lat' dir='ltr'>vim</span> <span class='ocrx_word' id='word_1_125' title='bbox 770 2549 979 2652; x_wconf 88' lang='lat' dir='ltr'>argumenti</span> <span class='ocrx_word' id='word_1_126' title='bbox 1006 2548 1123 2625; x_wconf 86' lang='lat' dir='ltr'>nostri</span> <span class='ocrx_word' id='word_1_127' title='bbox 1151 2549 1199 2623; x_wconf 91' lang='lat' dir='ltr'>ab</span> 
     </span>
     <span class='ocr_line' id='line_1_21' title="bbox 77 2670 1194 2774; baseline 0.002 -30"><span class='ocrx_word' id='word_1_128' title='bbox 77 2671 166 2772; x_wconf 90' lang='lat' dir='ltr'>ipsis</span> <span class='ocrx_word' id='word_1_129' title='bbox 188 2670 384 2750; x_wconf 90' lang='lat' dir='ltr'>deductum</span> <span class='ocrx_word' id='word_1_130' title='bbox 402 2674 580 2768; x_wconf 83' lang='lat' dir='ltr'>infirmat3</span> <span class='ocrx_word' id='word_1_131' title='bbox 598 2675 710 2750; x_wconf 87' lang='lat' dir='ltr'>immo</span> <span class='ocrx_word' id='word_1_132' title='bbox 728 2673 818 2750; x_wconf 90' lang='lat' dir='ltr'>illud</span> <span class='ocrx_word' id='word_1_133' title='bbox 835 2673 955 2774; x_wconf 86' lang='lat' dir='ltr'>magis</span> <span class='ocrx_word' id='word_1_134' title='bbox 970 2674 1194 2751; x_wconf 86' lang='lat' dir='ltr'>corroborat.</span> 
     </span>
     <span class='ocr_line' id='line_1_22' title="bbox 77 2797 1196 2900; baseline -0.001 -27"><span class='ocrx_word' id='word_1_135' title='bbox 77 2797 189 2888; x_wconf 85' lang='lat' dir='ltr'>Sanc,</span> <span class='ocrx_word' id='word_1_136' title='bbox 213 2797 480 2892; x_wconf 85' lang='lat' dir='ltr'>testimonium,</span> <span class='ocrx_word' id='word_1_137' title='bbox 499 2799 596 2900; x_wconf 92' lang='lat' dir='ltr'>quod</span> <span class='ocrx_word' id='word_1_138' title='bbox 623 2824 646 2874; x_wconf 91' lang='lat' dir='ltr'>a</span> <span class='ocrx_word' id='word_1_139' title='bbox 664 2798 886 2875; x_wconf 86' lang='lat' dir='ltr'>nestorianis</span> <span class='ocrx_word' id='word_1_140' title='bbox 906 2797 1131 2875; x_wconf 88' lang='lat' dir='ltr'>desumimus</span> <span class='ocrx_word' id='word_1_141' title='bbox 1150 2822 1196 2873; x_wconf 84' lang='lat' dir='ltr'>ex</span> 
     </span>
     <span class='ocr_line' id='line_1_23' title="bbox 76 2922 1194 3026; baseline 0.004 -30"><span class='ocrx_word' id='word_1_142' title='bbox 76 2923 198 2998; x_wconf 85' lang='lat' dir='ltr'>tribus</span> <span class='ocrx_word' id='word_1_143' title='bbox 208 2923 404 3025; x_wconf 90' lang='lat' dir='ltr'>praecipue</span> <span class='ocrx_word' id='word_1_144' title='bbox 422 2925 532 3000; x_wconf 87' lang='lat' dir='ltr'>robur</span> <span class='ocrx_word' id='word_1_145' title='bbox 550 2926 742 3002; x_wconf 90' lang='lat' dir='ltr'>mutuatur</span> <span class='ocrx_word' id='word_1_146' title='bbox 757 2948 879 2999; x_wconf 88' lang='lat' dir='ltr'>suum:</span> <span class='ocrx_word' id='word_1_147' title='bbox 902 2922 1042 2999; x_wconf 90' lang='lat' dir='ltr'>scilicet</span> <span class='ocrx_word' id='word_1_148' title='bbox 1060 2923 1194 3026; x_wconf 88' lang='lat' dir='ltr'>primo:</span> 
     </span>
     <span class='ocr_line' id='line_1_24' title="bbox 76 3048 1200 3151; baseline 0.002 -27"><span class='ocrx_word' id='word_1_149' title='bbox 76 3048 176 3147; x_wconf 93' lang='lat' dir='ltr'>quod</span> <span class='ocrx_word' id='word_1_150' title='bbox 190 3051 361 3124; x_wconf 87' lang='lat' dir='ltr'>versetur</span> <span class='ocrx_word' id='word_1_151' title='bbox 379 3049 477 3125; x_wconf 91' lang='lat' dir='ltr'>circa</span> <span class='ocrx_word' id='word_1_152' title='bbox 494 3075 538 3127; x_wconf 89' lang='lat' dir='ltr'>ea</span> <span class='ocrx_word' id='word_1_153' title='bbox 549 3049 651 3126; x_wconf 78' lang='lat' dir='ltr'>Fidei</span> <span class='ocrx_word' id='word_1_154' title='bbox 670 3050 842 3151; x_wconf 78' lang='lat' dir='ltr'>dogmata</span> <span class='ocrx_word' id='word_1_155' title='bbox 856 3072 950 3150; x_wconf 91' lang='lat' dir='ltr'>quae</span> <span class='ocrx_word' id='word_1_156' title='bbox 968 3049 1094 3124; x_wconf 91' lang='lat' dir='ltr'>eadem</span> <span class='ocrx_word' id='word_1_157' title='bbox 1113 3075 1200 3150; x_wconf 89' lang='lat' dir='ltr'>pro-</span> 
     </span>
     <span class='ocr_line' id='line_1_25' title="bbox 74 3172 1198 3275; baseline 0.005 -29"><span class='ocrx_word' id='word_1_158' title='bbox 74 3173 207 3249; x_wconf 88' lang='lat' dir='ltr'>fitetur</span> <span class='ocrx_word' id='word_1_159' title='bbox 232 3172 402 3250; x_wconf 79' lang='lat' dir='ltr'>Ecclesia</span> <span class='ocrx_word' id='word_1_160' title='bbox 428 3174 620 3252; x_wconf 87' lang='lat' dir='ltr'>Oathohca</span> <span class='ocrx_word' id='word_1_161' title='bbox 648 3201 692 3250; x_wconf 91' lang='lat' dir='ltr'>ac</span> <span class='ocrx_word' id='word_1_162' title='bbox 719 3177 910 3266; x_wconf 81' lang='lat' dir='ltr'>Romana,</span> <span class='ocrx_word' id='word_1_163' title='bbox 945 3199 968 3250; x_wconf 91' lang='lat' dir='ltr'>a</span> <span class='ocrx_word' id='word_1_164' title='bbox 996 3198 1069 3275; x_wconf 90' lang='lat' dir='ltr'>qua</span> <span class='ocrx_word' id='word_1_165' title='bbox 1097 3180 1198 3252; x_wconf 92' lang='lat' dir='ltr'>secta</span> 
     </span>
     <span class='ocr_line' id='line_1_26' title="bbox 76 3297 1191 3404; baseline 0.003 -32"><span class='ocrx_word' id='word_1_166' title='bbox 76 3297 385 3374; x_wconf 86' lang='lat' dir='ltr'>Nestorianorum</span> <span class='ocrx_word' id='word_1_167' title='bbox 413 3299 549 3377; x_wconf 90' lang='lat' dir='ltr'>iamdiu</span> <span class='ocrx_word' id='word_1_168' title='bbox 578 3303 750 3404; x_wconf 89' lang='lat' dir='ltr'>separata</span> <span class='ocrx_word' id='word_1_169' title='bbox 776 3299 973 3402; x_wconf 84' lang='lat' dir='ltr'>reperitur.</span> <span class='ocrx_word' id='word_1_170' title='bbox 1007 3300 1191 3377; x_wconf 85' lang='lat' dir='ltr'>Secundo:</span> 
     </span>
     <span class='ocr_line' id='line_1_27' title="bbox 75 3425 1198 3528; baseline 0.002 -29"><span class='ocrx_word' id='word_1_171' title='bbox 75 3425 174 3522; x_wconf 92' lang='lat' dir='ltr'>quod</span> <span class='ocrx_word' id='word_1_172' title='bbox 204 3425 460 3502; x_wconf 88' lang='lat' dir='ltr'>testimonium</span> <span class='ocrx_word' id='word_1_173' title='bbox 487 3425 695 3504; x_wconf 85' lang='lat' dir='ltr'>istiusmodi</span> <span class='ocrx_word' id='word_1_174' title='bbox 728 3452 771 3503; x_wconf 88' lang='lat' dir='ltr'>ea</span> <span class='ocrx_word' id='word_1_175' title='bbox 798 3425 911 3527; x_wconf 92' lang='lat' dir='ltr'>pollet</span> <span class='ocrx_word' id='word_1_176' title='bbox 938 3425 1198 3528; x_wconf 88' lang='lat' dir='ltr'>praescriptio-</span> 
     </span>
     <span class='ocr_line' id='line_1_28' title="bbox 74 3549 1199 3654; baseline 0.003 -31"><span class='ocrx_word' id='word_1_177' title='bbox 74 3549 149 3642; x_wconf 89' lang='lat' dir='ltr'>nis,</span> <span class='ocrx_word' id='word_1_178' title='bbox 184 3549 242 3624; x_wconf 89' lang='lat' dir='ltr'>uti</span> <span class='ocrx_word' id='word_1_179' title='bbox 270 3549 387 3646; x_wconf 91' lang='lat' dir='ltr'>aiunt,</span> <span class='ocrx_word' id='word_1_180' title='bbox 420 3550 501 3654; x_wconf 87' lang='lat' dir='ltr'>lege</span> <span class='ocrx_word' id='word_1_181' title='bbox 530 3577 573 3628; x_wconf 90' lang='lat' dir='ltr'>ac</span> <span class='ocrx_word' id='word_1_182' title='bbox 599 3551 699 3646; x_wconf 90' lang='lat' dir='ltr'>nota,</span> <span class='ocrx_word' id='word_1_183' title='bbox 733 3553 779 3628; x_wconf 92' lang='lat' dir='ltr'>ob</span> <span class='ocrx_word' id='word_1_184' title='bbox 806 3577 919 3653; x_wconf 91' lang='lat' dir='ltr'>quam</span> <span class='ocrx_word' id='word_1_185' title='bbox 946 3551 1049 3627; x_wconf 91' lang='lat' dir='ltr'>nulla</span> <span class='ocrx_word' id='word_1_186' title='bbox 1081 3551 1199 3654; x_wconf 86' lang='lat' dir='ltr'>possit</span> 
     </span>
     <span class='ocr_line' id='line_1_29' title="bbox 75 3674 1198 3780; baseline 0.005 -34"><span class='ocrx_word' id='word_1_187' title='bbox 75 3674 237 3776; x_wconf 81' lang='lat' dir='ltr'>cogitari</span> <span class='ocrx_word' id='word_1_188' title='bbox 250 3675 479 3752; x_wconf 88' lang='lat' dir='ltr'>rationabilis</span> <span class='ocrx_word' id='word_1_189' title='bbox 493 3701 536 3752; x_wconf 88' lang='lat' dir='ltr'>ac</span> <span class='ocrx_word' id='word_1_190' title='bbox 551 3702 640 3753; x_wconf 89' lang='lat' dir='ltr'>vera</span> <span class='ocrx_word' id='word_1_191' title='bbox 653 3677 756 3780; x_wconf 92' lang='lat' dir='ltr'>origo</span> <span class='ocrx_word' id='word_1_192' title='bbox 775 3677 822 3754; x_wconf 90' lang='lat' dir='ltr'>iis</span> <span class='ocrx_word' id='word_1_193' title='bbox 839 3677 1084 3779; x_wconf 80' lang='lat' dir='ltr'>dogmatibus,</span> <span class='ocrx_word' id='word_1_194' title='bbox 1105 3701 1198 3779; x_wconf 90' lang='lat' dir='ltr'>quae</span> 
     </span>
     <span class='ocr_line' id='line_1_30' title="bbox 76 3799 1201 3906; baseline 0.006 -33"><span class='ocrx_word' id='word_1_195' title='bbox 76 3803 165 3876; x_wconf 89' lang='lat' dir='ltr'>sunt</span> <span class='ocrx_word' id='word_1_196' title='bbox 178 3799 385 3876; x_wconf 87' lang='lat' dir='ltr'>testimonii</span> <span class='ocrx_word' id='word_1_197' title='bbox 403 3801 520 3903; x_wconf 87' lang='lat' dir='ltr'>ipsius</span> <span class='ocrx_word' id='word_1_198' title='bbox 541 3802 737 3896; x_wconf 89' lang='lat' dir='ltr'>obiectum,</span> <span class='ocrx_word' id='word_1_199' title='bbox 757 3808 904 3906; x_wconf 87' lang='lat' dir='ltr'>praeter</span> <span class='ocrx_word' id='word_1_200' title='bbox 922 3827 1036 3882; x_wconf 90' lang='lat' dir='ltr'>unam</span> <span class='ocrx_word' id='word_1_201' title='bbox 1049 3804 1201 3905; x_wconf 91' lang='lat' dir='ltr'>aposto-</span> 
     </span>
     <span class='ocr_line' id='line_1_31' title="bbox 74 3923 1198 4031; baseline 0.004 -33"><span class='ocrx_word' id='word_1_202' title='bbox 74 3923 187 4000; x_wconf 90' lang='lat' dir='ltr'>licam</span> <span class='ocrx_word' id='word_1_203' title='bbox 214 3925 467 4004; x_wconf 88' lang='lat' dir='ltr'>traditionem.</span> <span class='ocrx_word' id='word_1_204' title='bbox 501 3928 627 4005; x_wconf 89' lang='lat' dir='ltr'>Tertio</span> <span class='ocrx_word' id='word_1_205' title='bbox 654 3929 830 4031; x_wconf 91' lang='lat' dir='ltr'>denique:</span> <span class='ocrx_word' id='word_1_206' title='bbox 854 3928 959 4029; x_wconf 53' lang='lat' dir='ltr'>*quod</span> <span class='ocrx_word' id='word_1_207' title='bbox 985 3927 1198 4004; x_wconf 89' lang='lat' dir='ltr'>huiusmodi</span> 
     </span>
     <span class='ocr_line' id='line_1_32' title="bbox 77 4048 1199 4154; baseline 0.005 -32"><span class='ocrx_word' id='word_1_208' title='bbox 77 4048 253 4151; x_wconf 83' lang='lat' dir='ltr'>dogmata</span> <span class='ocrx_word' id='word_1_209' title='bbox 271 4073 474 4151; x_wconf 90' lang='lat' dir='ltr'>numquam</span> <span class='ocrx_word' id='word_1_210' title='bbox 492 4053 602 4152; x_wconf 91' lang='lat' dir='ltr'>atque</span> <span class='ocrx_word' id='word_1_211' title='bbox 626 4052 798 4154; x_wconf 90' lang='lat' dir='ltr'>nuspiam</span> <span class='ocrx_word' id='word_1_212' title='bbox 817 4078 891 4130; x_wconf 90' lang='lat' dir='ltr'>non</span> <span class='ocrx_word' id='word_1_213' title='bbox 909 4051 1122 4130; x_wconf 83' lang='lat' dir='ltr'>exstiterint</span> <span class='ocrx_word' id='word_1_214' title='bbox 1140 4053 1199 4128; x_wconf 90' lang='lat' dir='ltr'>to-</span> 
     </span>
     <span class='ocr_line' id='line_1_33' title="bbox 75 4173 1193 4282; baseline 0.004 -34"><span class='ocrx_word' id='word_1_215' title='bbox 75 4173 165 4270; x_wconf 85' lang='lat' dir='ltr'>tius,</span> <span class='ocrx_word' id='word_1_216' title='bbox 184 4200 282 4277; x_wconf 89' lang='lat' dir='ltr'>quae</span> <span class='ocrx_word' id='word_1_217' title='bbox 310 4173 383 4251; x_wconf 87' lang='lat' dir='ltr'>late</span> <span class='ocrx_word' id='word_1_218' title='bbox 411 4178 572 4279; x_wconf 90' lang='lat' dir='ltr'>patebat,</span> <span class='ocrx_word' id='word_1_219' title='bbox 607 4184 728 4256; x_wconf 87' lang='lat' dir='ltr'>sectae</span> <span class='ocrx_word' id='word_1_220' title='bbox 755 4179 1001 4256; x_wconf 89' lang='lat' dir='ltr'>Nestorianae</span> <span class='ocrx_word' id='word_1_221' title='bbox 1028 4176 1193 4282; x_wconf 84' lang='lat' dir='ltr'>propria.</span> 
     </span>
    </p>
   </div>
   <div class='ocr_carea' id='block_1_3' title="bbox 0 0 1522 4750">
    <p class='ocr_par' dir='ltr' id='par_1_4' title="bbox 0 0 1522 4750">
     <span class='ocr_line' id='line_1_34' title="bbox 0 0 1522 4750; baseline 0 2"><span class='ocrx_word' id='word_1_222' title='bbox 0 0 1522 4750; x_wconf 95' lang='lat' dir='ltr'> </span> 
     </span>
    </p>
   </div>
  </div>
 </body>
</html>
