<?xml version="1.0" encoding="UTF-8"?>
<!DOCTYPE html PUBLIC "-//W3C//DTD XHTML 1.0 Transitional//EN"
    "http://www.w3.org/TR/xhtml1/DTD/xhtml1-transitional.dtd">
<html xmlns="http://www.w3.org/1999/xhtml" xml:lang="en" lang="en">
 <head>
  <title>
</title>
<meta http-equiv="Content-Type" content="text/html;charset=utf-8" />
  <meta name='ocr-system' content='tesseract 3.04.00' />
  <meta name='ocr-capabilities' content='ocr_page ocr_carea ocr_par ocr_line ocrx_word'/>
</head>
<body>
  <div class='ocr_page' id='page_1' title='image "./syriorientaless00khaygoog_0051.png"; bbox 0 0 3036 4750; ppageno 0'>
   <div class='ocr_carea' id='block_1_1' title="bbox 701 230 877 297">
    <p class='ocr_par' dir='ltr' id='par_1_1' title="bbox 701 230 877 297">
     <span class='ocr_line' id='line_1_1' title="bbox 701 230 877 297; baseline 0.011 -15"><span class='ocrx_word' id='word_1_1' title='bbox 701 230 877 297; x_wconf 73' lang='lat'>...30-</span> 
     </span>
    </p>
   </div>
   <div class='ocr_carea' id='block_1_2' title="bbox 105 352 1347 1411">
    <p class='ocr_par' dir='ltr' id='par_1_2' title="bbox 105 352 1344 782">
     <span class='ocr_line' id='line_1_2' title="bbox 296 352 1343 448; baseline 0.003 -25"><span class='ocrx_word' id='word_1_2' title='bbox 296 352 401 424; x_wconf 89' lang='lat' dir='ltr'><strong>Porro</strong></span> <span class='ocrx_word' id='word_1_3' title='bbox 410 355 625 425; x_wconf 71' lang='lat' dir='ltr'><strong>retinendam</strong></span> <span class='ocrx_word' id='word_1_4' title='bbox 640 379 713 426; x_wconf 90' lang='lat' dir='ltr'><strong>esse</strong></span> <span class='ocrx_word' id='word_1_5' title='bbox 726 358 918 427; x_wconf 81' lang='lat' dir='ltr'><strong>versionem</strong></span> <span class='ocrx_word' id='word_1_6' title='bbox 931 360 1021 428; x_wconf 91' lang='lat' dir='ltr'><strong>hano</strong></span> <span class='ocrx_word' id='word_1_7' title='bbox 1033 358 1246 426; x_wconf 76' lang='lat' dir='ltr'><strong>chaldaicam</strong></span> <span class='ocrx_word' id='word_1_8' title='bbox 1259 359 1343 448; x_wconf 90' lang='lat' dir='ltr'><strong>Epi-</strong></span> 
     </span>
     <span class='ocr_line' id='line_1_3' title="bbox 228 464 1342 556; baseline 0.002 -24"><span class='ocrx_word' id='word_1_9' title='bbox 228 464 338 533; x_wconf 88' lang='lat' dir='ltr'><strong>stolae</strong></span> <span class='ocrx_word' id='word_1_10' title='bbox 361 464 579 553; x_wconf 84' lang='lat' dir='ltr'><strong>Ignatianas,</strong></span> <span class='ocrx_word' id='word_1_11' title='bbox 599 465 739 556; x_wconf 86' lang='lat' dir='ltr'><strong>vimque</strong></span> <span class='ocrx_word' id='word_1_12' title='bbox 755 467 966 555; x_wconf 81' lang='lat' dir='ltr'><strong>argumenti,</strong></span> <span class='ocrx_word' id='word_1_13' title='bbox 984 490 1026 535; x_wconf 84' lang='lat' dir='ltr'><strong>ex</strong></span> <span class='ocrx_word' id='word_1_14' title='bbox 1043 466 1195 555; x_wconf 87' lang='lat' dir='ltr'><strong>ejusdem</strong></span> <span class='ocrx_word' id='word_1_15' title='bbox 1213 469 1342 550; x_wconf 89' lang='lat' dir='ltr'><strong>verbis,</strong></span> 
     </span>
     <span class='ocr_line' id='line_1_4' title="bbox 229 572 1344 663; baseline 0 -23"><span class='ocrx_word' id='word_1_16' title='bbox 229 573 282 640; x_wconf 92' lang='lat' dir='ltr'><strong>uti</strong></span> <span class='ocrx_word' id='word_1_17' title='bbox 292 572 422 660; x_wconf 89' lang='lat' dir='ltr'><strong>jacent,</strong></span> <span class='ocrx_word' id='word_1_18' title='bbox 440 572 637 663; x_wconf 89' lang='lat' dir='ltr'><strong>aliquando,</strong></span> <span class='ocrx_word' id='word_1_19' title='bbox 656 573 808 657; x_wconf 91' lang='lat' dir='ltr'><strong>deducti,</strong></span> <span class='ocrx_word' id='word_1_20' title='bbox 821 597 882 663; x_wconf 91' lang='lat' dir='ltr'><strong>pro</strong></span> <span class='ocrx_word' id='word_1_21' title='bbox 898 574 1075 642; x_wconf 78' lang='lat' dir='ltr'><strong>Ecclesiae</strong></span> <span class='ocrx_word' id='word_1_22' title='bbox 1087 575 1260 642; x_wconf 83' lang='lat' dir='ltr'><strong>Romanae</strong></span> <span class='ocrx_word' id='word_1_23' title='bbox 1277 576 1344 663; x_wconf 91' lang='lat' dir='ltr'><strong>pri-</strong></span> 
     </span>
     <span class='ocr_line' id='line_1_5' title="bbox 105 678 1344 782; baseline 0 -36"><span class='ocrx_word' id='word_1_24' title='bbox 105 763 112 782; x_wconf 62' lang='lat'><strong>,</strong></span> <span class='ocrx_word' id='word_1_25' title='bbox 230 684 338 762; x_wconf 87' lang='lat' dir='ltr'><strong>matu,</strong></span> <span class='ocrx_word' id='word_1_26' title='bbox 350 679 464 768; x_wconf 87' lang='lat' dir='ltr'><strong>pretia</strong></span> <span class='ocrx_word' id='word_1_27' title='bbox 483 701 609 770; x_wconf 81' lang='lat' dir='ltr'><strong>magna</strong></span> <span class='ocrx_word' id='word_1_28' title='bbox 626 678 762 762; x_wconf 88' lang='lat' dir='ltr'><strong>habere,</strong></span> <span class='ocrx_word' id='word_1_29' title='bbox 781 679 904 748; x_wconf 89' lang='lat' dir='ltr'><strong>saltem</strong></span> <span class='ocrx_word' id='word_1_30' title='bbox 920 680 964 747; x_wconf 89' lang='lat' dir='ltr'><strong>ad</strong></span> <span class='ocrx_word' id='word_1_31' title='bbox 981 679 1344 748; x_wconf 82' lang='lat' dir='ltr'><strong>Chaldaeo-Nestoris-</strong></span> 
     </span>
    </p>

    <p class='ocr_par' dir='ltr' id='par_1_3' title="bbox 146 786 1345 1090">
     <span class='ocr_line' id='line_1_6' title="bbox 228 786 1345 877; baseline 0 -23"><span class='ocrx_word' id='word_1_32' title='bbox 228 810 350 854; x_wconf 89' lang='lat' dir='ltr'><strong>norum</strong></span> <span class='ocrx_word' id='word_1_33' title='bbox 366 792 523 870; x_wconf 89' lang='lat' dir='ltr'><strong>mentem,</strong></span> <span class='ocrx_word' id='word_1_34' title='bbox 542 786 667 877; x_wconf 87' lang='lat' dir='ltr'><strong>quibus</strong></span> <span class='ocrx_word' id='word_1_35' title='bbox 679 786 839 875; x_wconf 79' lang='lat' dir='ltr'><strong>Epistola</strong></span> <span class='ocrx_word' id='word_1_36' title='bbox 854 787 950 870; x_wconf 88' lang='lat' dir='ltr'><strong>haec,</strong></span> <span class='ocrx_word' id='word_1_37' title='bbox 971 787 1024 855; x_wconf 91' lang='lat' dir='ltr'><strong>uti</strong></span> <span class='ocrx_word' id='word_1_38' title='bbox 1039 787 1186 876; x_wconf 82' lang='lat' dir='ltr'><strong>legitur,</strong></span> <span class='ocrx_word' id='word_1_39' title='bbox 1205 793 1345 876; x_wconf 89' lang='lat' dir='ltr'><strong>recepta</strong></span> 
     </span>
     <span class='ocr_line' id='line_1_7' title="bbox 146 882 1343 982; baseline -0.001 -21"><span class='ocrx_word' id='word_1_40' title='bbox 146 882 148 887; x_wconf 58' lang='grc'><strong>’</strong></span> <span class='ocrx_word' id='word_1_41' title='bbox 228 899 292 976; x_wconf 88' lang='lat' dir='ltr'><strong>set,</strong></span> <span class='ocrx_word' id='word_1_42' title='bbox 311 898 347 960; x_wconf 88' lang='lat' dir='ltr'><strong>et</strong></span> <span class='ocrx_word' id='word_1_43' title='bbox 362 893 601 975; x_wconf 85' lang='lat' dir='ltr'><strong>adscribenda,</strong></span> <span class='ocrx_word' id='word_1_44' title='bbox 622 893 811 961; x_wconf 89' lang='lat' dir='ltr'><strong>secundum</strong></span> <span class='ocrx_word' id='word_1_45' title='bbox 835 894 885 961; x_wconf 92' lang='lat' dir='ltr'><strong>rei</strong></span> <span class='ocrx_word' id='word_1_46' title='bbox 901 893 1014 982; x_wconf 86' lang='lat' dir='ltr'><strong>ipsius</strong></span> <span class='ocrx_word' id='word_1_47' title='bbox 1030 899 1204 978; x_wconf 89' lang='lat' dir='ltr'><strong>naturam,</strong></span> <span class='ocrx_word' id='word_1_48' title='bbox 1223 899 1258 961; x_wconf 93' lang='lat' dir='ltr'><strong>et</strong></span> <span class='ocrx_word' id='word_1_49' title='bbox 1271 893 1343 982; x_wconf 90' lang='lat' dir='ltr'><strong>jam</strong></span> 
     </span>
     <span class='ocr_line' id='line_1_8' title="bbox 229 995 1121 1090; baseline -0.002 -23"><span class='ocrx_word' id='word_1_50' title='bbox 229 1006 446 1090; x_wconf 88' lang='lat' dir='ltr'><strong>praenotata,</strong></span> <span class='ocrx_word' id='word_1_51' title='bbox 471 999 563 1067; x_wconf 90' lang='lat' dir='ltr'><strong>nulli</strong></span> <span class='ocrx_word' id='word_1_52' title='bbox 586 1000 741 1068; x_wconf 89' lang='lat' dir='ltr'><strong>dubium.</strong></span> <span class='ocrx_word' id='word_1_53' title='bbox 1118 995 1121 1000; x_wconf 73' lang='grc'><strong>’</strong></span> 
     </span>
    </p>

    <p class='ocr_par' dir='ltr' id='par_1_4' title="bbox 230 1105 1347 1411">
     <span class='ocr_line' id='line_1_9' title="bbox 295 1105 1345 1197; baseline 0.001 -23"><span class='ocrx_word' id='word_1_54' title='bbox 295 1106 459 1174; x_wconf 88' lang='lat' dir='ltr'><strong>Jamvero</strong></span> <span class='ocrx_word' id='word_1_55' title='bbox 483 1128 525 1173; x_wconf 86' lang='lat' dir='ltr'><strong>ex</strong></span> <span class='ocrx_word' id='word_1_56' title='bbox 548 1105 629 1173; x_wconf 90' lang='lat' dir='ltr'><strong>istis</strong></span> <span class='ocrx_word' id='word_1_57' title='bbox 652 1105 781 1192; x_wconf 88' lang='lat' dir='ltr'><strong>verbis;</strong></span> <span class='ocrx_word' id='word_1_58' title='bbox 805 1105 941 1174; x_wconf 90' lang='lat' dir='ltr'><strong>scilicet</strong></span> <span class='ocrx_word' id='word_1_59' title='bbox 966 1129 1089 1197; x_wconf 77' lang='lat' dir='ltr'><strong>cquae</strong></span> <span class='ocrx_word' id='word_1_60' title='bbox 1111 1107 1264 1196; x_wconf 88' lang='lat' dir='ltr'><strong>possidet</strong></span> <span class='ocrx_word' id='word_1_61' title='bbox 1287 1107 1345 1175; x_wconf 90' lang='lat' dir='ltr'><strong>Se-</strong></span> 
     </span>
     <span class='ocr_line' id='line_1_10' title="bbox 230 1212 1347 1303; baseline -0.001 -20"><span class='ocrx_word' id='word_1_62' title='bbox 230 1215 306 1283; x_wconf 88' lang='lat' dir='ltr'><strong>dem</strong></span> <span class='ocrx_word' id='word_1_63' title='bbox 323 1212 561 1303; x_wconf 86' lang='lat' dir='ltr'><strong>principalem,</strong></span> <span class='ocrx_word' id='word_1_64' title='bbox 580 1213 616 1279; x_wconf 93' lang='lat' dir='ltr'><strong>in</strong></span> <span class='ocrx_word' id='word_1_65' title='bbox 632 1213 786 1300; x_wconf 84' lang='lat' dir='ltr'><strong>Regions</strong></span> <span class='ocrx_word' id='word_1_66' title='bbox 802 1213 928 1281; x_wconf 89' lang='lat' dir='ltr'><strong>Romae</strong></span> <span class='ocrx_word' id='word_1_67' title='bbox 942 1239 958 1274; x_wconf 83' lang='lat' dir='ltr'><strong>n</strong></span> <span class='ocrx_word' id='word_1_68' title='bbox 977 1213 1155 1281; x_wconf 86' lang='lat' dir='ltr'><strong>evincitur¹</strong></span> <span class='ocrx_word' id='word_1_69' title='bbox 1169 1212 1347 1282; x_wconf 86' lang='lat' dir='ltr'><strong>Ecclesiae</strong></span> 
     </span>
     <span class='ocr_line' id='line_1_11' title="bbox 231 1319 1346 1411; baseline -0.001 -21"><span class='ocrx_word' id='word_1_70' title='bbox 231 1324 403 1390; x_wconf 83' lang='lat' dir='ltr'><strong>Romanae</strong></span> <span class='ocrx_word' id='word_1_71' title='bbox 418 1321 607 1388; x_wconf 74' lang='lat' dir='ltr'><strong>Primatust</strong></span> <span class='ocrx_word' id='word_1_72' title='bbox 621 1321 669 1404; x_wconf 87' lang='lat' dir='ltr'><strong>A)</strong></span> <span class='ocrx_word' id='word_1_73' title='bbox 682 1343 749 1387; x_wconf 92' lang='lat' dir='ltr'><strong>non</strong></span> <span class='ocrx_word' id='word_1_74' title='bbox 766 1321 1001 1388; x_wconf 89' lang='lat' dir='ltr'><strong>tantummodo</strong></span> <span class='ocrx_word' id='word_1_75' title='bbox 1017 1321 1158 1388; x_wconf 93' lang='lat' dir='ltr'><strong>honoris</strong></span> <span class='ocrx_word' id='word_1_76' title='bbox 1175 1322 1233 1389; x_wconf 89' lang='lat' dir='ltr'><strong>sed</strong></span> <span class='ocrx_word' id='word_1_77' title='bbox 1250 1319 1346 1411; x_wconf 84' lang='lat' dir='ltr'><strong>prae·</strong></span> 
     </span>
    </p>
   </div>
   <div class='ocr_carea' id='block_1_3' title="bbox 105 1429 1348 1528">
    <p class='ocr_par' dir='ltr' id='par_1_5' title="bbox 105 1429 1348 1528">
     <span class='ocr_line' id='line_1_12' title="bbox 105 1429 1348 1528; baseline -0.004 -27"><span class='ocrx_word' id='word_1_78' title='bbox 105 1498 120 1528; x_wconf 45' lang='lat' dir='ltr'><em>l</em></span> <span class='ocrx_word' id='word_1_79' title='bbox 231 1433 330 1521; x_wconf 89' lang='lat' dir='ltr'><strong>cipue</strong></span> <span class='ocrx_word' id='word_1_80' title='bbox 351 1429 624 1520; x_wconf 76' lang='lat' dir='ltr'><strong>jurisdictionisz</strong></span> <span class='ocrx_word' id='word_1_81' title='bbox 643 1430 688 1517; x_wconf 92' lang='lat' dir='ltr'><strong>B)</strong></span> <span class='ocrx_word' id='word_1_82' title='bbox 712 1430 904 1496; x_wconf 88' lang='lat' dir='ltr'><strong>Primatum</strong></span> <span class='ocrx_word' id='word_1_83' title='bbox 935 1429 1088 1518; x_wconf 89' lang='lat' dir='ltr'><strong>ejusdem</strong></span> <span class='ocrx_word' id='word_1_84' title='bbox 1113 1430 1348 1498; x_wconf 88' lang='lat' dir='ltr'><strong>universalem</strong></span> 
     </span>
    </p>
   </div>
   <div class='ocr_carea' id='block_1_4' title="bbox 230 1537 475 1606">
    <p class='ocr_par' dir='ltr' id='par_1_6' title="bbox 230 1537 475 1606">
     <span class='ocr_line' id='line_1_13' title="bbox 230 1537 475 1606; baseline -0.004 -1"><span class='ocrx_word' id='word_1_85' title='bbox 230 1562 297 1606; x_wconf 93' lang='lat' dir='ltr'><strong>non</strong></span> <span class='ocrx_word' id='word_1_86' title='bbox 320 1537 475 1606; x_wconf 87' lang='lat' dir='ltr'><strong>localem.</strong></span> 
     </span>
    </p>
   </div>
   <div class='ocr_carea' id='block_1_5' title="bbox 182 1643 1354 2380">
    <p class='ocr_par' dir='ltr' id='par_1_7' title="bbox 182 1643 1354 2380">
     <span class='ocr_line' id='line_1_14' title="bbox 296 1643 1348 1734; baseline -0.001 -23"><span class='ocrx_word' id='word_1_87' title='bbox 296 1644 353 1712; x_wconf 92' lang='lat' dir='ltr'><strong>Ad</strong></span> <span class='ocrx_word' id='word_1_88' title='bbox 368 1647 415 1728; x_wconf 87' lang='lat' dir='ltr'><strong>A)</strong></span> <span class='ocrx_word' id='word_1_89' title='bbox 440 1645 558 1734; x_wconf 86' lang='lat' dir='ltr'><strong>itaque</strong></span> <span class='ocrx_word' id='word_1_90' title='bbox 581 1643 658 1712; x_wconf 90' lang='lat' dir='ltr'><strong>dico</strong></span> <span class='ocrx_word' id='word_1_91' title='bbox 683 1643 717 1730; x_wconf 92' lang='grc'><strong>1)</strong></span> <span class='ocrx_word' id='word_1_92' title='bbox 741 1643 777 1710; x_wconf 92' lang='lat' dir='ltr'><strong>id</strong></span> <span class='ocrx_word' id='word_1_93' title='bbox 801 1643 958 1731; x_wconf 91' lang='lat' dir='ltr'><strong>postulat</strong></span> <span class='ocrx_word' id='word_1_94' title='bbox 981 1666 1075 1711; x_wconf 91' lang='lat' dir='ltr'><strong>mens</strong></span> <span class='ocrx_word' id='word_1_95' title='bbox 1092 1643 1202 1733; x_wconf 86' lang='lat' dir='ltr'><strong>ipsius</strong></span> <span class='ocrx_word' id='word_1_96' title='bbox 1219 1644 1348 1710; x_wconf 90' lang='lat' dir='ltr'><strong>hnmil-</strong></span> 
     </span>
     <span class='ocr_line' id='line_1_15' title="bbox 230 1750 1351 1842; baseline -0.002 -21"><span class='ocrx_word' id='word_1_97' title='bbox 230 1755 307 1822; x_wconf 88' lang='lat' dir='ltr'><strong>limi</strong></span> <span class='ocrx_word' id='word_1_98' title='bbox 338 1751 492 1842; x_wconf 85' lang='lat' dir='ltr'><strong>Ignatii,</strong></span> <span class='ocrx_word' id='word_1_99' title='bbox 527 1751 586 1842; x_wconf 91' lang='lat' dir='ltr'><strong>qui</strong></span> <span class='ocrx_word' id='word_1_100' title='bbox 622 1750 755 1818; x_wconf 78' lang='lat' dir='ltr'><strong>Christi</strong></span> <span class='ocrx_word' id='word_1_101' title='bbox 786 1752 894 1818; x_wconf 86' lang='lat' dir='ltr'><strong>effata</strong></span> <span class='ocrx_word' id='word_1_102' title='bbox 923 1751 1158 1820; x_wconf 78' lang='lat' dir='ltr'><strong>humilitatem</strong></span> <span class='ocrx_word' id='word_1_103' title='bbox 1189 1752 1351 1820; x_wconf 83' lang='lat' dir='ltr'><strong>docentia</strong></span> 
     </span>
     <span class='ocr_line' id='line_1_16' title="bbox 182 1859 1345 1948; baseline -0.002 -20"><span class='ocrx_word' id='word_1_104' title='bbox 182 1903 184 1913; x_wconf 41' lang='grc' dir='ltr'><strong><em>ι</em></strong></span> <span class='ocrx_word' id='word_1_105' title='bbox 231 1869 306 1928; x_wconf 90' lang='lat' dir='ltr'><strong>tum</strong></span> <span class='ocrx_word' id='word_1_106' title='bbox 330 1866 487 1943; x_wconf 88' lang='lat' dir='ltr'><strong>noverat,</strong></span> <span class='ocrx_word' id='word_1_107' title='bbox 502 1866 576 1927; x_wconf 91' lang='lat' dir='ltr'><strong>tum</strong></span> <span class='ocrx_word' id='word_1_108' title='bbox 600 1860 755 1942; x_wconf 88' lang='lat' dir='ltr'><strong>docebat,</strong></span> <span class='ocrx_word' id='word_1_109' title='bbox 772 1864 845 1926; x_wconf 93' lang='lat' dir='ltr'><strong>tum</strong></span> <span class='ocrx_word' id='word_1_110' title='bbox 861 1859 1086 1927; x_wconf 88' lang='lat' dir='ltr'><strong>custodienda</strong></span> <span class='ocrx_word' id='word_1_111' title='bbox 1101 1860 1256 1948; x_wconf 88' lang='lat' dir='ltr'><strong>apprime</strong></span> <span class='ocrx_word' id='word_1_112' title='bbox 1272 1861 1345 1927; x_wconf 93' lang='lat' dir='ltr'><strong>ubi-</strong></span> 
     </span>
     <span class='ocr_line' id='line_1_17' title="bbox 231 1965 1349 2059; baseline -0.001 -23"><span class='ocrx_word' id='word_1_113' title='bbox 231 1991 297 2059; x_wconf 89' lang='lat' dir='ltr'><strong>que</strong></span> <span class='ocrx_word' id='word_1_114' title='bbox 321 1968 521 2056; x_wconf 83' lang='lat' dir='ltr'><strong>satagebat:</strong></span> <span class='ocrx_word' id='word_1_115' title='bbox 547 1971 588 2032; x_wconf 93' lang='lat' dir='ltr'><strong>nt</strong></span> <span class='ocrx_word' id='word_1_116' title='bbox 610 1987 728 2054; x_wconf 85' lang='lat' dir='ltr'><strong>nempe</strong></span> <span class='ocrx_word' id='word_1_117' title='bbox 752 1966 789 2032; x_wconf 92' lang='lat' dir='ltr'><strong>in</strong></span> <span class='ocrx_word' id='word_1_118' title='bbox 817 1965 1032 2034; x_wconf 89' lang='lat' dir='ltr'><strong>humilitatis</strong></span> <span class='ocrx_word' id='word_1_119' title='bbox 1062 1967 1229 2034; x_wconf 88' lang='lat' dir='ltr'><strong>exercitio</strong></span> <span class='ocrx_word' id='word_1_120' title='bbox 1257 1975 1349 2036; x_wconf 87' lang='lat' dir='ltr'><strong>esset</strong></span> 
     </span>
     <span class='ocr_line' id='line_1_18' title="bbox 232 2074 1350 2166; baseline -0.001 -23"><span class='ocrx_word' id='word_1_121' title='bbox 232 2077 375 2165; x_wconf 90' lang='lat' dir='ltr'><strong>primus,</strong></span> <span class='ocrx_word' id='word_1_122' title='bbox 395 2075 456 2166; x_wconf 93' lang='lat' dir='ltr'><strong>qui</strong></span> <span class='ocrx_word' id='word_1_123' title='bbox 478 2075 522 2142; x_wconf 93' lang='lat' dir='ltr'><strong>ad</strong></span> <span class='ocrx_word' id='word_1_124' title='bbox 547 2074 716 2142; x_wconf 86' lang='lat' dir='ltr'><strong>unitatem</strong></span> <span class='ocrx_word' id='word_1_125' title='bbox 740 2081 777 2143; x_wconf 90' lang='lat' dir='ltr'><strong>et</strong></span> <span class='ocrx_word' id='word_1_126' title='bbox 800 2075 954 2142; x_wconf 85' lang='lat' dir='ltr'><strong>ordinem</strong></span> <span class='ocrx_word' id='word_1_127' title='bbox 984 2075 1192 2148; x_wconf 87' lang='lat' dir='ltr'><strong>servandum</strong></span> <span class='ocrx_word' id='word_1_128' title='bbox 1215 2074 1252 2140; x_wconf 91' lang='lat' dir='ltr'><strong>in</strong></span> <span class='ocrx_word' id='word_1_129' title='bbox 1275 2074 1350 2142; x_wconf 89' lang='lat' dir='ltr'><strong>An-</strong></span> 
     </span>
     <span class='ocr_line' id='line_1_19' title="bbox 232 2178 1351 2270; baseline -0.004 -18"><span class='ocrx_word' id='word_1_130' title='bbox 232 2183 395 2252; x_wconf 90' lang='lat' dir='ltr'><strong>ctoritate</strong></span> <span class='ocrx_word' id='word_1_131' title='bbox 418 2180 669 2249; x_wconf 84' lang='lat' dir='ltr'><strong>Ecclesiastico</strong></span> <span class='ocrx_word' id='word_1_132' title='bbox 693 2181 730 2247; x_wconf 91' lang='lat' dir='ltr'><strong>iu</strong></span> <span class='ocrx_word' id='word_1_133' title='bbox 746 2181 857 2270; x_wconf 90' lang='lat' dir='ltr'><strong>primo</strong></span> <span class='ocrx_word' id='word_1_134' title='bbox 881 2181 955 2250; x_wconf 91' lang='lat' dir='ltr'><strong>loco</strong></span> <span class='ocrx_word' id='word_1_135' title='bbox 970 2187 1062 2250; x_wconf 87' lang='lat' dir='ltr'><strong>esset</strong></span> <span class='ocrx_word' id='word_1_136' title='bbox 1077 2182 1223 2268; x_wconf 86' lang='lat' dir='ltr'><strong>positus,</strong></span> <span class='ocrx_word' id='word_1_137' title='bbox 1244 2178 1351 2248; x_wconf 90' lang='lat' dir='ltr'><strong>aliter</strong></span> 
     </span>
     <span class='ocr_line' id='line_1_20' title="bbox 233 2286 1354 2380; baseline -0.002 -23"><span class='ocrx_word' id='word_1_138' title='bbox 233 2311 335 2380; x_wconf 92' lang='lat' dir='ltr'><strong>quam</strong></span> <span class='ocrx_word' id='word_1_139' title='bbox 353 2289 442 2380; x_wconf 93' lang='lat' dir='ltr'><strong>quod</strong></span> <span class='ocrx_word' id='word_1_140' title='bbox 459 2286 550 2376; x_wconf 90' lang='lat' dir='ltr'><strong>apud</strong></span> <span class='ocrx_word' id='word_1_141' title='bbox 568 2287 719 2376; x_wconf 86' lang='lat' dir='ltr'><strong>gentiles</strong></span> <span class='ocrx_word' id='word_1_142' title='bbox 734 2294 771 2355; x_wconf 88' lang='lat' dir='ltr'><strong>et</strong></span> <span class='ocrx_word' id='word_1_143' title='bbox 786 2287 943 2356; x_wconf 87' lang='lat' dir='ltr'><strong>infideles</strong></span> <span class='ocrx_word' id='word_1_144' title='bbox 967 2288 1056 2356; x_wconf 91' lang='lat' dir='ltr'><strong>solet</strong></span> <span class='ocrx_word' id='word_1_145' title='bbox 1070 2288 1221 2356; x_wconf 89' lang='lat' dir='ltr'><strong>evenire.</strong></span> <span class='ocrx_word' id='word_1_146' title='bbox 1240 2287 1354 2355; x_wconf 91' lang='lat' dir='ltr'><strong>Nulla</strong></span> 
     </span>
    </p>
   </div>
   <div class='ocr_carea' id='block_1_6' title="bbox 230 2393 1357 3777">
    <p class='ocr_par' dir='ltr' id='par_1_8' title="bbox 231 2393 1354 2808">
     <span class='ocr_line' id='line_1_21' title="bbox 231 2393 1352 2486; baseline -0.004 -20"><span class='ocrx_word' id='word_1_147' title='bbox 231 2397 346 2486; x_wconf 85' lang='lat' dir='ltr'><strong>igitur</strong></span> <span class='ocrx_word' id='word_1_148' title='bbox 359 2397 395 2463; x_wconf 94' lang='lat' dir='ltr'><strong>in</strong></span> <span class='ocrx_word' id='word_1_149' title='bbox 410 2401 521 2463; x_wconf 88' lang='lat' dir='ltr'><strong>mente</strong></span> <span class='ocrx_word' id='word_1_150' title='bbox 532 2394 625 2462; x_wconf 89' lang='lat' dir='ltr'><strong>tanti</strong></span> <span class='ocrx_word' id='word_1_151' title='bbox 638 2393 760 2462; x_wconf 85' lang='lat' dir='ltr'><strong>Sancti</strong></span> <span class='ocrx_word' id='word_1_152' title='bbox 776 2394 926 2483; x_wconf 86' lang='lat' dir='ltr'><strong>cogitari</strong></span> <span class='ocrx_word' id='word_1_153' title='bbox 941 2394 1036 2480; x_wconf 90' lang='lat' dir='ltr'><strong>licet,</strong></span> <span class='ocrx_word' id='word_1_154' title='bbox 1053 2417 1093 2464; x_wconf 90' lang='lat' dir='ltr'><strong>ac</strong></span> <span class='ocrx_word' id='word_1_155' title='bbox 1108 2394 1218 2463; x_wconf 89' lang='lat' dir='ltr'><strong>multo</strong></span> <span class='ocrx_word' id='word_1_156' title='bbox 1234 2394 1352 2462; x_wconf 86' lang='lat' dir='ltr'><strong>minus</strong></span> 
     </span>
     <span class='ocr_line' id='line_1_22' title="bbox 234 2501 1354 2600; baseline -0.005 -26"><span class='ocrx_word' id='word_1_157' title='bbox 234 2515 307 2574; x_wconf 90' lang='lat' dir='ltr'><strong>tam</strong></span> <span class='ocrx_word' id='word_1_158' title='bbox 321 2503 515 2600; x_wconf 52' lang='lat' dir='ltr'><strong>‚magnifica</strong></span> <span class='ocrx_word' id='word_1_159' title='bbox 531 2501 693 2585; x_wconf 84' lang='lat' dir='ltr'><strong>exaltari,</strong></span> <span class='ocrx_word' id='word_1_160' title='bbox 713 2502 959 2591; x_wconf 89' lang='lat' dir='ltr'><strong>praesidentia,</strong></span> <span class='ocrx_word' id='word_1_161' title='bbox 975 2525 1063 2592; x_wconf 91' lang='lat' dir='ltr'><strong>quae</strong></span> <span class='ocrx_word' id='word_1_162' title='bbox 1086 2509 1177 2570; x_wconf 88' lang='lat' dir='ltr'><strong>esset</strong></span> <span class='ocrx_word' id='word_1_163' title='bbox 1200 2501 1316 2569; x_wconf 89' lang='lat' dir='ltr'><strong>aliena</strong></span> <span class='ocrx_word' id='word_1_164' title='bbox 1330 2523 1354 2568; x_wconf 91' lang='lat' dir='ltr'><strong>a</strong></span> 
     </span>
     <span class='ocr_line' id='line_1_23' title="bbox 231 2608 1354 2694; baseline -0.004 -14"><span class='ocrx_word' id='word_1_165' title='bbox 231 2620 343 2680; x_wconf 89' lang='lat' dir='ltr'><strong>mente</strong></span> <span class='ocrx_word' id='word_1_166' title='bbox 372 2609 506 2677; x_wconf 84' lang='lat' dir='ltr'><strong>Christi</strong></span> <span class='ocrx_word' id='word_1_167' title='bbox 529 2608 707 2677; x_wconf 86' lang='lat' dir='ltr'><strong>Ecclesiae</strong></span> <span class='ocrx_word' id='word_1_168' title='bbox 731 2609 939 2694; x_wconf 82' lang='lat' dir='ltr'><strong>fundatoris,</strong></span> <span class='ocrx_word' id='word_1_169' title='bbox 954 2616 991 2678; x_wconf 93' lang='lat' dir='ltr'><strong>et</strong></span> <span class='ocrx_word' id='word_1_170' title='bbox 1014 2632 1081 2676; x_wconf 93' lang='lat' dir='ltr'><strong>non</strong></span> <span class='ocrx_word' id='word_1_171' title='bbox 1097 2610 1141 2677; x_wconf 89' lang='lat' dir='ltr'><strong>ad</strong></span> <span class='ocrx_word' id='word_1_172' title='bbox 1157 2608 1354 2677; x_wconf 84' lang='lat' dir='ltr'><strong>utilitatem</strong></span> 
     </span>
     <span class='ocr_line' id='line_1_24' title="bbox 231 2715 865 2808; baseline -0.006 -20"><span class='ocrx_word' id='word_1_173' title='bbox 231 2719 387 2808; x_wconf 88' lang='lat' dir='ltr'><strong>ejusdem</strong></span> <span class='ocrx_word' id='word_1_174' title='bbox 412 2715 591 2785; x_wconf 87' lang='lat' dir='ltr'><strong>Ecclesiae</strong></span> <span class='ocrx_word' id='word_1_175' title='bbox 614 2715 779 2784; x_wconf 87' lang='lat' dir='ltr'><strong>instituta</strong></span> <span class='ocrx_word' id='word_1_176' title='bbox 803 2716 865 2803; x_wconf 93' lang='grc'>(1).</span> 
     </span>
    </p>

    <p class='ocr_par' dir='ltr' id='par_1_9' title="bbox 230 2822 1356 3350">
     <span class='ocr_line' id='line_1_25' title="bbox 297 2822 1353 2916; baseline -0.004 -22"><span class='ocrx_word' id='word_1_177' title='bbox 297 2829 332 2911; x_wconf 83' lang='grc'><strong>2)</strong></span> <span class='ocrx_word' id='word_1_178' title='bbox 363 2826 457 2892; x_wconf 92' lang='lat' dir='ltr'><strong>Idem</strong></span> <span class='ocrx_word' id='word_1_179' title='bbox 481 2822 680 2891; x_wconf 87' lang='lat' dir='ltr'><strong>ostenditur</strong></span> <span class='ocrx_word' id='word_1_180' title='bbox 702 2847 744 2891; x_wconf 86' lang='lat' dir='ltr'><strong>ex</strong></span> <span class='ocrx_word' id='word_1_181' title='bbox 767 2847 805 2892; x_wconf 91' lang='lat' dir='ltr'><strong>eo</strong></span> <span class='ocrx_word' id='word_1_182' title='bbox 829 2825 919 2916; x_wconf 92' lang='lat' dir='ltr'><strong>quod</strong></span> <span class='ocrx_word' id='word_1_183' title='bbox 944 2849 1011 2893; x_wconf 84' lang='lat' dir='ltr'><strong>vox</strong></span> <span class='ocrx_word' id='word_1_184' title='bbox 1035 2825 1254 2914; x_wconf 86' lang='lat' dir='ltr'><strong>praesidere,</strong></span> <span class='ocrx_word' id='word_1_185' title='bbox 1288 2845 1353 2891; x_wconf 90' lang='lat' dir='ltr'><strong>sen</strong></span> 
     </span>
     <span class='ocr_line' id='line_1_26' title="bbox 233 2931 1354 3029; baseline -0.007 -24"><span class='ocrx_word' id='word_1_186' title='bbox 233 2934 469 3025; x_wconf 87' lang='lat' dir='ltr'><strong>praesidentia</strong></span> <span class='ocrx_word' id='word_1_187' title='bbox 500 2937 705 3029; x_wconf 63' lang='grc' dir='ltr'>προκάθηζειν</span> <span class='ocrx_word' id='word_1_188' title='bbox 727 2933 1001 3024; x_wconf 24' lang='grc' dir='ltr'><strong>ιιιιερίειιηῃαριιᾱ</strong></span> <span class='ocrx_word' id='word_1_189' title='bbox 1026 2933 1222 3021; x_wconf 84' lang='lat' dir='ltr'><strong>Scriptores</strong></span> <span class='ocrx_word' id='word_1_190' title='bbox 1245 2931 1354 2999; x_wconf 89' lang='lat' dir='ltr'><strong>eccle·</strong></span> 
     </span>
     <span class='ocr_line' id='line_1_27' title="bbox 231 3038 1356 3134; baseline -0.008 -21"><span class='ocrx_word' id='word_1_191' title='bbox 231 3045 390 3114; x_wconf 87' lang='lat' dir='ltr'><strong>siasticos</strong></span> <span class='ocrx_word' id='word_1_192' title='bbox 406 3046 450 3113; x_wconf 90' lang='lat' dir='ltr'><strong>ad</strong></span> <span class='ocrx_word' id='word_1_193' title='bbox 466 3045 603 3134; x_wconf 84' lang='lat' dir='ltr'><strong>Ignatii</strong></span> <span class='ocrx_word' id='word_1_194' title='bbox 621 3046 743 3114; x_wconf 88' lang='lat' dir='ltr'><strong>saltem</strong></span> <span class='ocrx_word' id='word_1_195' title='bbox 760 3049 921 3124; x_wconf 87' lang='lat' dir='ltr'><strong>aetatem,</strong></span> <span class='ocrx_word' id='word_1_196' title='bbox 939 3041 977 3107; x_wconf 94' lang='lat' dir='ltr'><strong>ni</strong></span> <span class='ocrx_word' id='word_1_197' title='bbox 1001 3040 1119 3122; x_wconf 89' lang='lat' dir='ltr'><strong>fallor,</strong></span> <span class='ocrx_word' id='word_1_198' title='bbox 1142 3039 1187 3106; x_wconf 91' lang='lat' dir='ltr'><strong>ad</strong></span> <span class='ocrx_word' id='word_1_199' title='bbox 1203 3038 1356 3105; x_wconf 86' lang='lat' dir='ltr'><strong>¹honoris</strong></span> 
     </span>
     <span class='ocr_line' id='line_1_28' title="bbox 232 3146 1351 3242; baseline -0.007 -22"><span class='ocrx_word' id='word_1_200' title='bbox 232 3153 513 3242; x_wconf 88' lang='lat' dir='ltr'><strong>praecellentiam</strong></span> <span class='ocrx_word' id='word_1_201' title='bbox 541 3153 652 3221; x_wconf 89' lang='lat' dir='ltr'><strong>solum</strong></span> <span class='ocrx_word' id='word_1_202' title='bbox 677 3150 946 3240; x_wconf 83' lang='lat' dir='ltr'><strong>designandam,</strong></span> <span class='ocrx_word' id='word_1_203' title='bbox 980 3146 1123 3214; x_wconf 87' lang='lat' dir='ltr'><strong>exclusa</strong></span> <span class='ocrx_word' id='word_1_204' title='bbox 1152 3150 1351 3235; x_wconf 86' lang='lat' dir='ltr'><strong>potestate,</strong></span> 
     </span>
     <span class='ocr_line' id='line_1_29' title="bbox 230 3243 1064 3350; baseline -0.004 -20"><span class='ocrx_word' id='word_1_205' title='bbox 230 3263 301 3331; x_wconf 90' lang='lat' dir='ltr'><strong>fuit</strong></span> <span class='ocrx_word' id='word_1_206' title='bbox 324 3267 505 3350; x_wconf 90' lang='lat' dir='ltr'><strong>usurpata.</strong></span> <span class='ocrx_word' id='word_1_207' title='bbox 809 3243 813 3251; x_wconf 38' lang='lat'>¹</span> <span class='ocrx_word' id='word_1_208' title='bbox 1057 3259 1064 3282; x_wconf 71' lang='lat'>⁸</span> 
     </span>
    </p>

    <p class='ocr_par' dir='ltr' id='par_1_10' title="bbox 233 3361 1357 3777">
     <span class='ocr_line' id='line_1_30' title="bbox 297 3361 1353 3460; baseline -0.009 -24"><span class='ocrx_word' id='word_1_209' title='bbox 297 3371 333 3456; x_wconf 83' lang='lat'><strong>3)</strong></span> <span class='ocrx_word' id='word_1_210' title='bbox 357 3370 517 3459; x_wconf 90' lang='lat' dir='ltr'><strong>Idipsum</strong></span> <span class='ocrx_word' id='word_1_211' title='bbox 533 3370 647 3460; x_wconf 88' lang='lat' dir='ltr'><strong>liquet</strong></span> <span class='ocrx_word' id='word_1_212' title='bbox 670 3391 711 3437; x_wconf 89' lang='lat' dir='ltr'><strong>ex</strong></span> <span class='ocrx_word' id='word_1_213' title='bbox 729 3365 892 3454; x_wconf 88' lang='lat' dir='ltr'><strong>analogia</strong></span> <span class='ocrx_word' id='word_1_214' title='bbox 914 3363 983 3431; x_wconf 92' lang='lat' dir='ltr'><strong>loci</strong></span> <span class='ocrx_word' id='word_1_215' title='bbox 1008 3361 1169 3453; x_wconf 90' lang='lat' dir='ltr'><strong>paralleli</strong></span> <span class='ocrx_word' id='word_1_216' title='bbox 1200 3361 1353 3442; x_wconf 85' lang='lat' dir='ltr'><strong>irenaei,</strong></span> 
     </span>
     <span class='ocr_line' id='line_1_31' title="bbox 233 3468 1357 3570; baseline -0.012 -24"><span class='ocrx_word' id='word_1_217' title='bbox 233 3479 367 3568; x_wconf 85' lang='lat' dir='ltr'><strong>Ignatii</strong></span> <span class='ocrx_word' id='word_1_218' title='bbox 391 3478 509 3548; x_wconf 90' lang='lat' dir='ltr'><strong>coaevi</strong></span> <span class='ocrx_word' id='word_1_219' title='bbox 534 3501 573 3545; x_wconf 91' lang='lat' dir='ltr'><strong>ao</strong></span> <span class='ocrx_word' id='word_1_220' title='bbox 598 3480 670 3545; x_wconf 84' lang='lat' dir='ltr'><strong>fere</strong></span> <span class='ocrx_word' id='word_1_221' title='bbox 693 3474 859 3564; x_wconf 89' lang='lat' dir='ltr'><strong>discipuli</strong></span> <span class='ocrx_word' id='word_1_222' title='bbox 884 3478 941 3570; x_wconf 79' lang='lat' dir='ltr'><strong>(ut</strong></span> <span class='ocrx_word' id='word_1_223' title='bbox 964 3472 1036 3540; x_wconf 83' lang='lat' dir='ltr'><strong>fuit</strong></span> <span class='ocrx_word' id='word_1_224' title='bbox 1051 3468 1265 3558; x_wconf 89' lang='lat' dir='ltr'><strong>Polycarpi),</strong></span> <span class='ocrx_word' id='word_1_225' title='bbox 1292 3469 1357 3555; x_wconf 87' lang='lat' dir='ltr'><strong>qui</strong></span> 
     </span>
     <span class='ocr_line' id='line_1_32' title="bbox 234 3575 1354 3672; baseline -0.015 -18"><span class='ocrx_word' id='word_1_226' title='bbox 234 3587 381 3654; x_wconf 89' lang='lat' dir='ltr'><strong>similem</strong></span> <span class='ocrx_word' id='word_1_227' title='bbox 412 3585 620 3666; x_wconf 86' lang='lat' dir='ltr'><strong>locutionem</strong></span> <span class='ocrx_word' id='word_1_228' title='bbox 660 3583 847 3672; x_wconf 69' lang='lat' dir='ltr'><strong>«potioris</strong></span> <span class='ocrx_word' id='word_1_229' title='bbox 883 3602 1002 3670; x_wconf 90' lang='lat' dir='ltr'><strong>nempe</strong></span> <span class='ocrx_word' id='word_1_230' title='bbox 1032 3575 1309 3667; x_wconf 88' lang='lat' dir='ltr'><strong>principalitatis</strong></span> <span class='ocrx_word' id='word_1_231' title='bbox 1336 3603 1354 3637; x_wconf 80' lang='lat' dir='ltr'><em>n</em></span> 
     </span>
     <span class='ocr_line' id='line_1_33' title="bbox 234 3683 1357 3777; baseline -0.015 -13"><span class='ocrx_word' id='word_1_232' title='bbox 234 3695 412 3764; x_wconf 87' lang='lat' dir='ltr'><strong>Ecclesiae</strong></span> <span class='ocrx_word' id='word_1_233' title='bbox 431 3695 604 3764; x_wconf 86' lang='lat' dir='ltr'><strong>Romanae</strong></span> <span class='ocrx_word' id='word_1_234' title='bbox 622 3693 780 3762; x_wconf 89' lang='lat' dir='ltr'><strong>tribuens</strong></span> <span class='ocrx_word' id='word_1_235' title='bbox 805 3691 881 3777; x_wconf 92' lang='lat' dir='ltr'><strong>(lib.</strong></span> <span class='ocrx_word' id='word_1_236' title='bbox 902 3689 935 3755; x_wconf 87' lang='lat'><strong>3.</strong></span> <span class='ocrx_word' id='word_1_237' title='bbox 955 3709 984 3756; x_wconf 89' lang='lat' dir='ltr'><strong>c.</strong></span> <span class='ocrx_word' id='word_1_238' title='bbox 1002 3687 1035 3753; x_wconf 85' lang='lat'><strong>3.</strong></span> <span class='ocrx_word' id='word_1_239' title='bbox 1054 3685 1205 3752; x_wconf 89' lang='lat' dir='ltr'><strong>Advers.</strong></span> <span class='ocrx_word' id='word_1_240' title='bbox 1224 3683 1357 3749; x_wconf 86' lang='lat' dir='ltr'><strong>Haere-</strong></span> 
     </span>
    </p>
   </div>
   <div class='ocr_carea' id='block_1_7' title="bbox 241 3899 426 3912">
    <p class='ocr_par' dir='ltr' id='par_1_11' title="bbox 241 3899 426 3912">
     <span class='ocr_line' id='line_1_34' title="bbox 241 3899 426 3912; baseline -0.011 0"><span class='ocrx_word' id='word_1_241' title='bbox 241 3899 426 3912; x_wconf 46' lang='lat'><strong>*—</strong></span> 
     </span>
    </p>
   </div>
   <div class='ocr_carea' id='block_1_8' title="bbox 234 3997 1359 4260">
    <p class='ocr_par' dir='ltr' id='par_1_12' title="bbox 234 3997 1359 4260">
     <span class='ocr_line' id='line_1_35' title="bbox 303 3997 1356 4083; baseline -0.014 -21"><span class='ocrx_word' id='word_1_242' title='bbox 303 4005 348 4083; x_wconf 90' lang='lat'><strong>(1)</strong></span> <span class='ocrx_word' id='word_1_243' title='bbox 365 4011 500 4077; x_wconf 83' lang='lat' dir='ltr'><strong>Apertum</strong></span> <span class='ocrx_word' id='word_1_244' title='bbox 520 4011 594 4062; x_wconf 89' lang='lat' dir='ltr'><strong>enim</strong></span> <span class='ocrx_word' id='word_1_245' title='bbox 613 4011 658 4060; x_wconf 88' lang='lat' dir='ltr'><strong>est</strong></span> <span class='ocrx_word' id='word_1_246' title='bbox 677 4009 707 4059; x_wconf 90' lang='lat' dir='ltr'><strong>in</strong></span> <span class='ocrx_word' id='word_1_247' title='bbox 727 4007 854 4059; x_wconf 85' lang='lat' dir='ltr'><strong>Ecclesia</strong></span> <span class='ocrx_word' id='word_1_248' title='bbox 869 4004 979 4058; x_wconf 75' lang='lat' dir='ltr'><strong>christi</strong></span> <span class='ocrx_word' id='word_1_249' title='bbox 1005 4001 1156 4068; x_wconf 89' lang='lat' dir='ltr'><strong>primatum</strong></span> <span class='ocrx_word' id='word_1_250' title='bbox 1179 3997 1296 4051; x_wconf 88' lang='lat' dir='ltr'><strong>honoris</strong></span> <span class='ocrx_word' id='word_1_251' title='bbox 1311 4000 1356 4048; x_wconf 90' lang='lat' dir='ltr'><strong>at-</strong></span> 
     </span>
     <span class='ocr_line' id='line_1_36' title="bbox 234 4090 1356 4164; baseline -0.014 -11"><span class='ocrx_word' id='word_1_252' title='bbox 234 4101 374 4153; x_wconf 88' lang='lat' dir='ltr'><strong>tributum</strong></span> <span class='ocrx_word' id='word_1_253' title='bbox 394 4115 454 4152; x_wconf 88' lang='lat' dir='ltr'><strong>esse</strong></span> <span class='ocrx_word' id='word_1_254' title='bbox 474 4103 503 4151; x_wconf 89' lang='lat' dir='ltr'><strong>et</strong></span> <span class='ocrx_word' id='word_1_255' title='bbox 522 4101 664 4164; x_wconf 88' lang='lat' dir='ltr'><strong>sequelam</strong></span> <span class='ocrx_word' id='word_1_256' title='bbox 683 4097 820 4163; x_wconf 86' lang='lat' dir='ltr'><strong>primatus</strong></span> <span class='ocrx_word' id='word_1_257' title='bbox 839 4093 1061 4162; x_wconf 88' lang='lat' dir='ltr'><strong>jurisdictionis,</strong></span> <span class='ocrx_word' id='word_1_258' title='bbox 1074 4094 1103 4142; x_wconf 89' lang='lat' dir='ltr'><strong>et</strong></span> <span class='ocrx_word' id='word_1_259' title='bbox 1117 4090 1177 4141; x_wconf 82' lang='lat' dir='ltr'><strong>fere</strong></span> <span class='ocrx_word' id='word_1_260' title='bbox 1192 4101 1356 4153; x_wconf 84' lang='lat' dir='ltr'><strong>numquam,</strong></span> 
     </span>
     <span class='ocr_line' id='line_1_37' title="bbox 235 4177 1359 4260; baseline -0.012 -16"><span class='ocrx_word' id='word_1_261' title='bbox 235 4192 327 4258; x_wconf 89' lang='lat' dir='ltr'><strong>prima</strong></span> <span class='ocrx_word' id='word_1_262' title='bbox 340 4193 451 4260; x_wconf 21' lang='lat' dir='ltr'><strong>uastata,</strong></span> <span class='ocrx_word' id='word_1_263' title='bbox 465 4189 597 4242; x_wconf 89' lang='lat' dir='ltr'><strong>honorem</strong></span> <span class='ocrx_word' id='word_1_264' title='bbox 615 4189 745 4242; x_wconf 88' lang='lat' dir='ltr'><strong>sterilem</strong></span> <span class='ocrx_word' id='word_1_265' title='bbox 766 4184 947 4253; x_wconf 85' lang='lat' dir='ltr'><strong>praesulibus</strong></span> <span class='ocrx_word' id='word_1_266' title='bbox 967 4180 1056 4234; x_wconf 89' lang='lat' dir='ltr'><strong>sacris</strong></span> <span class='ocrx_word' id='word_1_267' title='bbox 1077 4177 1199 4232; x_wconf 86' lang='lat' dir='ltr'><strong>attribui</strong></span> <span class='ocrx_word' id='word_1_268' title='bbox 1223 4177 1286 4230; x_wconf 89' lang='lat' dir='ltr'><strong>sine</strong></span> <span class='ocrx_word' id='word_1_269' title='bbox 1308 4193 1359 4230; x_wconf 87' lang='lat' dir='ltr'><strong>au-</strong></span> 
     </span>
    </p>
   </div>
   <div class='ocr_carea' id='block_1_9' title="bbox 234 4283 380 4339">
    <p class='ocr_par' dir='ltr' id='par_1_13' title="bbox 234 4283 380 4339">
     <span class='ocr_line' id='line_1_38' title="bbox 234 4283 380 4339; baseline -0.021 -1"><span class='ocrx_word' id='word_1_270' title='bbox 234 4283 380 4339; x_wconf 84' lang='lat' dir='ltr'><strong>ctoritate.</strong></span> 
     </span>
    </p>
   </div>
   <div class='ocr_carea' id='block_1_10' title="bbox 0 0 1530 4750">
    <p class='ocr_par' dir='ltr' id='par_1_14' title="bbox 0 0 1530 4750">
     <span class='ocr_line' id='line_1_39' title="bbox 0 0 1530 4750; baseline 0 0"><span class='ocrx_word' id='word_1_271' title='bbox 0 0 1530 4750; x_wconf 95' lang='lat' dir='ltr'><strong> </strong></span> 
     </span>
    </p>
   </div>
  </div>
 </body>
</html>
