3036 4750
626 252 803 320 ...41...

215 377 322 446 Hisce
345 376 532 467 praejactis
556 377 702 447 devoro
725 378 918 450 sententiae
942 379 1117 450 Timothei
1147 386 1184 450 et
1212 404 1270 472 ga·

151 484 259 554 nuino
283 507 387 554 sensu
410 485 631 572 enucleando,
658 477 888 556 certissimum
911 494 1092 579 praeterea
1114 486 1179 559 est:
1204 513 1273 559 non

151 593 288 677 omnia,
315 614 402 684 quae
431 615 493 682 per
517 613 663 662 canones
686 599 722 662 et
745 593 901 664 Consilia
923 596 1205 686 proclamantur,
1231 619 1272 666 aa

150 699 293 787 idcirco,
312 699 421 784 illico,
440 699 585 790 positivi
599 700 694 789 juris
714 705 750 769 et
767 701 998 772 ecclesiastici
1013 724 1086 772 esse
1102 703 1270 791 habenda,

150 807 196 876 ad
211 807 445 877 exclusionem
468 807 595 878 divini.
613 809 687 877 Hoc
702 810 792 877 enim
815 810 919 878 nimis
942 811 1219 901 protenderetur,
1238 817 1274 880 et

151 915 229 984 ideo
253 915 347 983 nihil
362 915 536 1005 probaret.
551 957 595 969 -
611 916 712 999 Quod
735 917 839 986 semol
854 918 891 987 in
907 919 1015 988 simili
1031 919 1189 1004 matoria,
1211 943 1274 1010 pro

149 1023 277 1114 regula
299 1023 466 1112 generali,
492 1023 569 1092 heic
592 1024 641 1092 ait
667 1024 810 1093 dictum.
825 1060 869 1078 -’-
884 1026 1065 1118 Alioquin,
1091 1033 1133 1096 ut
1156 1030 1272 1101 cetera

150 1129 286 1212 sileam,
303 1128 341 1194 in
363 1126 428 1216 hoc
450 1127 536 1212 loco,
556 1132 729 1217 oporteret
752 1129 878 1198 dicere:
901 1130 1056 1199 fidelium
1071 1152 1157 1220 erga
1171 1153 1272 1199 suum

150 1236 348 1327 episcopum
371 1233 600 1302 obedientiam
622 1234 766 1304 humani
788 1258 862 1304 esse
882 1235 987 1325 juris,
1011 1243 1131 1328 utpote
1154 1261 1271 1328 seque-

148 1345 233 1429 lam,
260 1367 281 1412 a
303 1343 482 1434 praeclaro
501 1343 662 1412 antistite
677 1343 826 1429 laudati,
852 1345 1005 1436 praefati
1019 1345 1181 1415 Cononis.

217 1450 285 1520 Est
307 1449 720 1540 igitur'dcmonstratum
735 1475 777 1520 ex
794 1453 1008 1522 confessione
1023 1453 1142 1544 magni
1158 1453 1272 1522 Timo-

148 1560 239 1628 thei:
256 1560 448 1639 Romanum
468 1558 669 1628 Pontificem
693 1560 843 1649 gaudere
866 1560 995 1630 intota
1009 1561 1273 1651 Ecclesia,'jure

149 1667 284 1752 divino,
303 1666 515 1736 auctoritate
530 1689 690 1757 suprema
708 1667 968 1756 jurisdictionis
986 1674 1022 1737 et
1044 1669 1196 1755 honoris,
1217 1670 1273 1738 uti

149 1777 192 1845 B.
211 1773 311 1844 Petri
334 1796 564 1856 successorem
587 1775 625 1844 in
638 1775 724 1844 Sede
738 1775 893 1844 Romana
909 1781 945 1845 et
967 1776 1005 1846 in
1027 1777 1126 1868 pleno
1145 1781 1182 1846 ct
1196 1777 1271 1846 uni-

150 1881 284 1954 versali
306 1880 461 1970 ejusdem
484 1881 697 1974 principatu.
742 1879 744 1884 ’

667 2107 699 2181 5.
714 2099 759 2167 V.

216 2317 348 2386 Naraes
362 2317 412 2405 (1)
427 2315 621 2385 Edessenae
644 2314 795 2405 primum
811 2314 986 2399 alumnae,
1000 2319 1075 2382 tum
1086 2313 1271 2384 Nisibenos
1335 2329 1337 2334 ’

152 2423 300 2494 Scholae
317 2423 558 2492 celeberrimae
569 2421 752 2512 Magister,
774 2426 877 2510 (saec.
896 2420 978 2490 Chr.
993 2421 1043 2509 ὅ.)
1059 2427 1096 2490 ct
1110 2439 1131 2488 a
1146 2421 1267 2493 Nesto-

153 2532 268 2601 rianis
292 2531 414 2602 Sancti
437 2530 596 2621 Spiritus
618 2531 789 2620 Cythera,
804 2529 959 2599 Orientis
981 2529 1105 2620 lingua
1119 2535 1156 2600 et
1171 2530 1270 2598 Chri-

151 2639 329 2709 stianismi
352 2639 458 2707 Poeta
481 2638 690 2729 appellatus,
716 2639 754 2707 in
778 2661 885 2729 supra
904 2639 978 2728 jam
1005 2638 1114 2708 allato
1138 2639 1201 2729 (2),
1228 2663 1270 2708 ex

151 2749 306 2818 carmine
342 2746 385 2815 de
413 2746 635 2832 Pentecoste,
663 2747 878 2833 testimonio,
908 2747 992 2816 haec
1024 2747 1120 2817 canit
1149 2754 1185 2816 et
1212 2747 1268 2816 do-

151 2861 231 2941 cet,
258 2853 459 2944 uPrinceps
486 2853 737 2945 discipulorum
764 2855 911 2924 sortitus
939 2859 993 2924 est
1018 2855 1165 2924 Matrem
1190 2860 1273 2944 (seu

149 2960 387 3052 Metropolim)
409 2959 617 3048 Civitatem,
635 2969 671 3032 et
685 2963 723 3046 in
738 2961 815 3049 illa,
830 2985 893 3032 ceu
908 2963 946 3030 in
961 2962 1131 3031 ΟΑΡΙΤΕ
1154 2961 1274 3031 infixit

147 3069 253 3139 Fidei
277 3069 435 3140 oculos.»

220 3177 385 3248 Jamverc
408 3201 451 3248 ex
475 3169 642 3248 sermonis
665 3178 753 3248 serie
769 3178 894 3270 liquet:
915 3177 1063 3246 Matrem
1085 3176 1272 3248 civitatum

149 3287 298 3355 Romam
316 3308 402 3373 esse,
420 3291 456 3355 ct
471 3285 669 3377 Principem
684 3284 946 3376 Discipulorum
969 3285 1124 3354 Petrum.
1147 3284 1189 3354 In
1213 3305 1271 3374 pa·
1302 3378 1305 3383 -

149 3394 279 3464 rallelo
302 3394 377 3464 loco
403 3393 569 3464 carminis
593 3393 634 3462 de
656 3392 900 3483 Evangelistis
924 3391 998 3482 jam
1020 3391 1161 3460 dixerat
1182 3390 1271 3460 Nar·
1341 3470 1344 3478 ¹

150 3525 210 3572 ses
237 3503 432 3594 «Princeps
447 3502 709 3593 Discipulorum
727 3508 876 3586 venatus
899 3501 972 3570 fuit
986 3501 1115 3570 Urbem
1138 3499 1271 3569 Princi-

150 3617 286 3704 patusn
309 3611 373 3701 (3).
397 3611 510 3705 Atqui
530 3611 568 3681 vi
587 3611 710 3680 horum
731 3609 1008 3680 testimoniorum
1031 3608 1209 3679 infertur:
1234 3607 1272 3676 in

223 3907 270 3982 (1)
287 3913 349 3965 Non
368 3914 414 3966 ast
431 3911 579 3967 habendus
598 3911 726 3981 utp‘ceta
737 3913 917 3982 simpliciter,
933 3911 1041 3966 sedati
1056 3911 1270 3976 PoetaDootor,

151 4005 210 4056 iste
230 4003 345 4070 Narses,
367 4003 442 4058 sicut
459 4003 488 4057 S.
503 4002 653 4072 Ephracm,
679 4007 708 4056 et
726 4004 780 4058 alii
799 4005 895 4073 pluras
914 3996 1052 4057 Chaldaei
1071 4017 1121 4058 sou
1139 4003 1206 4070 Syri
1226 4001 1272 4054 do-

151 4099 257 4161 ctores,
279 4094 328 4160 qui
347 4093 520 4162 Doctrinam,
542 4093 676 4148 carminis
695 4097 757 4148 arta
777 4096 806 4147 et
824 4094 935 4161 illectu,
956 4093 1031 4147 serio
1053 4092 1208 4147 tradidere.

222 4179 270 4257 (2)
289 4185 324 4238 In
342 4185 435 4252 capite
457 4184 548 4253 primo
568 4200 597 4237 n.
610 4185 643 4238 V.
665 4184 715 4238 ubi
734 4187 764 4237 at
782 4185 880 4238 textus
898 4183 1070 4239 chaldaicus.

224 4270 271 4350 (3)
289 4275 328 4329 nt
345 4275 419 4331 hunc
438 4277 546 4330 textum
565 4274 653 4330 habes
671 4273 703 4330 in
721 4273 822 4331 citatis
836 4290 896 4346 cap.
911 4277 942 4330 st
960 4290 1037 4330 nnn.
