3046 4756
577 221 709 292 -179
738 264 782 275 —

111 355 233 420 autem
257 372 300 421 ac
323 349 472 418 credidit
489 351 656 442 Abgarus
672 374 733 421 rex
749 350 801 440 (1)
815 350 936 442 jussit,
954 357 997 420 ut
1012 351 1071 421 cni
1086 350 1242 422 abscissa

110 463 233 529 essent
256 459 410 529 verenda
434 482 557 528 manus
580 482 715 552 quoqne
738 459 1012 530 abscinderetur.
1039 459 1134 544 Quid
1156 483 1241 529 vero

111 567 228 636 dicam
254 566 297 635 de
319 566 470 636 Natione
492 590 584 636 nova
605 573 726 636 nostra
747 567 1049 653 Christianorum,
1075 589 1179 660 quam
1202 567 1240 635 in

15 719 16 724 κ
110 676 208 740 omni
225 677 367 763 reqione
388 681 494 768 atque
516 675 555 743 in
578 675 730 742 omnibus
744 674 864 766 plaqis
880 677 1066 746 constituit
1082 699 1238 744 cnsrsrns

111 781 273 851 adventu
285 781 459 852 suolEoce
471 783 562 852 enim
573 807 637 852 nos
649 805 764 853 omnes
776 783 983 877 ubicumque
994 785 1103 852 simus
1116 785 1159 852 ab
1175 807 1239 851 ono

109 914 242 958 romnus
266 914 395 960 cmnsrr
411 915 600 960 cumarum
630 913 817 962 vocamur:
843 897 879 962 et
901 893 939 960 in
963 916 1030 960 orn
1053 891 1108 960 die
1123 891 1239 960 Domi·

109 998 193 1067 nica
208 1005 475 1088 congregamur:
493 1002 530 1067 et
543 998 710 1068 indicatis
726 999 849 1068 diebus
865 1023 886 1068 a
902 999 990 1068 cibis
1010 998 1236 1068 abstinemus.

109 1105 232 1197 Atque
256 1106 527 1174 confratres...
555 1105 677 1195 quiin
700 1105 848 1174 Parthia
871 1112 956 1174 sunt
983 1105 1083 1174 binas
1114 1129 1239 1174 uxores

110 1214 260 1299 ducunt,
278 1235 432 1306 neque...
452 1236 588 1282 sorores
605 1219 758 1300 nostrae,
775 1235 864 1305 quae
879 1213 917 1280 in
932 1213 1134 1304 regionibus
1147 1212 1238 1282 Ghs·

109 1322 306 1390 lanitarum
329 1322 379 1410 (2)
402 1327 439 1391 et
460 1322 739 1392 Kashanitarum
763 1323 813 1410 (3)
838 1327 921 1390 sunt
940 1343 976 1390 se
1000 1321 1239 1391 contaminant

112 1454 194 1499 cum
217 1430 413 1517 extraneis,
439 1454 549 1524 neque
565 1432 679 1525 quiin
701 1431 843 1501 Perside
863 1433 947 1499 sunt
971 1429 1065 1498 filias
1088 1450 1170 1498 suas
1200 1429 1238 1498 in

112 1561 243 1607 uxores
255 1539 399 1623 ducunt,
414 1563 526 1632 neque
543 1540 604 1631 qui
619 1540 657 1608 in
668 1539 785 1610 Media
801 1546 884 1608 sunt
899 1539 1077 1629 fugiunta
1090 1539 1238 1608 mortuis

113 1646 245 1716 suis
271 1669 382 1738 neque
398 1647 460 1737 qui
482 1645 521 1714 in
535 1647 648 1716 Hetra
668 1647 721 1736 (4)
743 1646 905 1737 lapidant
928 1647 1025 1714 fures
1127 1668 1238 1739 neque

113 1754 176 1846 qui
198 1755 238 1822 in
261 1754 438 1824 Osrhoene
461 1754 681 1824 interficiunt
699 1777 825 1824 uxores
849 1777 973 1825 suas...
990 1759 1080 1824 eto.»

185 2019 228 2096 (1)
246 2025 287 2078 De
304 2021 399 2076 Primo
418 2023 510 2089 igitur
521 2021 634 2091 Abgaro
654 2023 781 2091 loquitur
794 2024 844 2092 qni
857 2024 966 2091 primus
986 2021 1148 2082 crediderat
1159 2037 1238 2092 prae

113 2113 255 2168 dicationi
274 2113 303 2168 S.
316 2113 436 2168 Addaei.

184 2199 230 2276 (2)
248 2203 394 2271 (theleno,
416 2202 593 2269 Hyrcanioss
608 2203 745 2270 antiquae
768 2219 855 2272 pars,
878 2203 1023 2258 Dailames
1043 2200 1155 2267 regioni
1176 2215 1237 2253 oon·

111 2297 248 2362 termina,
263 2295 299 2348 ad
319 2311 396 2348 oram
410 2295 498 2348 maris
516 2295 623 2362 Caspii.
645 2294 719 2349 Hinc
740 2294 903 2349 Gholauitis
918 2298 947 2348 et
968 2291 1133 2348 Dailsmitis
1147 2307 1235 2346 uuum

112 2387 325 2454 Metropolitum
344 2387 522 2454 praefecerat
550 2386 716 2439 Timotheus
744 2387 767 2439 Ι.
788 2385 976 2451 Patriarcha‚
999 2381 1236 2451 Schubbaljesnm

14 2509 15 2512 =
113 2476 244 2542 scilicet,
267 2489 321 2541 quo
343 2474 514 2528 aBarbaris
535 2489 634 2536 caeso,
657 2473 726 2528 duos
746 2474 778 2526 ln
799 2474 861 2542 ejus
888 2474 978 2526 locum
997 2472 1235 2538 Metropolitanos

112 2565 187 2618 idem
209 2563 376 2616 ordinavit:
397 2564 561 2630 Kardagum
582 2565 717 2618 nimirum
740 2563 904 2618 Gholanitls
927 2567 957 2618 et
978 2563 1152 2616 Tabalaham
1172 2562 1236 2616 Dai-

12 2655 17 2768 (
112 2654 243 2722 lamitis3
267 2657 297 2706 et
315 2654 357 2707 sic
375 2643 449 2707 alios
470 2653 614 2722 deinceps.

182 2739 227 2818 (3)
245 2743 382 2812 Superius
409 2745 587 2799 Bardesanss
616 2745 730 2799 dixerat
753 2743 946 2797 «Bacbtriaui
970 2743 1020 2812 qui
1041 2745 1071 2795 et
1092 2741 1234 2796 Kashanl·

112 2835 159 2887 tae
178 2835 401 2902 appellantur.»
423 2833 564 2888 Eusebius
585 2835 673 2888 habet
693 2833 824 2904 Βάκτροις
844 2837 977 2888 tentum:
999 2833 1151 2888 (laeserins
1172 2828 1237 2886 Zod-

113 2945 181 2986 σιοις
200 2920 248 2986 τῆς
260 2923 416 2991 Βαβυλῶνος
428 2946 435 2986 ·,
454 2928 484 2978 et
496 2926 623 2980 Ruffinus
640 2926 672 2978 in
682 2923 937 2990 Recoqac'ts’cm'tac
952 2924 1008 2976 uin
1018 2924 1110 2978 Susis.
1125 2946 1138 2973 n
1150 2926 1234 2978 Trau-

113 3029 238 3070 soxauae
261 3016 291 3066 ot
303 3013 452 3068 Tartariae
473 3016 541 3068 urbs
560 3015 596 3068 ad
613 3016 725 3068 boream
744 3014 915 3068 Bactrianae
934 3017 964 3068 st
981 3014 1159 3068 (lhosasanae
1171 3009 1234 3088 (ubi

113 3108 183 3160 sunt
203 3105 290 3158 etiam
309 3105 400 3158 Urbes
427 3104 637 3160 Samarkandae
656 3108 687 3158 et
708 3101 876 3176 Bocharae).
895 3105 948 3158 llst
964 3108 1058 3160 autern
1074 3104 1233 3159 Abnlfsdae

13 3197 14 3220 ἶ
111 3205 278 3284 mbulet
301 3201 397 3304 ΘΗ(
414 3222 448 3275 de
471 3238 527 3290 qne
544 3222 648 3278 Strabo
666 3221 752 3289 (icor.
774 3223 837 3277 XV.
857 3240 886 3291 p.
901 3223 964 3277 728.
984 3221 1117 3294 Λέγονται
1139 3225 1166 3276 δὲ
1186 3224 1231 3276 καὶ

111 3349 223 3403 Κίσσιοι
244 3346 269 3402 ci
286 3347 412 3416 zodorum
433 3349 465 3401 in
485 3349 591 3402 finibus
612 3349 730 3404 scilicet
748 3347 887 3402 Susianae
900 3349 1086 3403 Elamltarum
1106 3349 1233 3404 sitalli-

13 3483 14 3488 ,
112 3439 191 3493 desis
214 3439 301 3492 etiam
322 3439 442 3492 Ptolom.
465 3439 549 3506 Geor.
570 3441 618 3494 VI.
640 3442 668 3493 3.
689 3440 976 3494 Bactrianseautem
999 3457 1045 3494 eos
1069 3440 1137 3494 olim
1161 3441 1233 3494 fines

13 3509 16 3587 ἶ
111 3529 217 3583 hebuit
246 3543 315 3595 quos
344 3529 522 3596 inposterum
545 3531 575 3582 et
603 3543 679 3583 nunc
705 3529 886 3598 ohorcssna,
918 3531 997 3584 cuius
1017 3531 1107 3584 Urbes
1128 3531 1233 3598 praeei-

13 3627 14 3632 ’
112 3635 186 3689 puae
209 3619 299 3687 Maru,
320 3619 429 3686 Horat,
455 3620 530 3686 Tus,
550 3619 693 3688 Nisabur,
715 3623 745 3672 et
763 3620 861 3674 Balch.
882 3621 956 3675 Iroca
974 3621 1069 3674 omnia
1092 3621 1233 3676 recensita

13 3713 14 3720 ’
111 3711 143 3763 in
162 3709 289 3764 historia
314 3709 509 3764 ecclesiastica
537 3709 742 3764 Chaldaeorum
773 3713 804 3763 et
831 3711 952 3764 maxims
977 3712 1230 3782 Nestoriauorum‚

112 3803 182 3854 sunt
202 3800 340 3866 insignia.

183 3886 228 3964 (4)
246 3891 337 3944 Hetra
355 3906 404 3944 ssu
423 3889 529 3943 chatra
546 3891 623 3944 locus
645 3889 676 3943 in
690 3888 813 3958 Assyria
834 3905 897 3946 esse
917 3890 1052 3962 ridetur,
1075 3893 1125 3947 ubi
1138 3893 1233 3963 trajo·

110 3997 184 4048 nus,
205 3981 237 4033 in
254 3981 330 4034 bello
350 3981 483 4034 Parthico
510 3979 568 4034 tuit
588 3981 686 4048 paullo
709 3984 776 4034 ante
801 3997 879 4036 suam
906 3986 1023 4036 nortem
1041 3977 1115 4054 (Gir.
1141 3983 1229 4037 uille-

12 4067 13 4094 ¹
110 4072 201 4123 mont.
221 4069 350 4124 Histoire
376 4070 425 4124 des
446 4070 631 4136 unpcreurs,
653 4085 682 4123 v.
695 4071 720 4124 2.
741 4087 768 4138 p.
792 4066 880 4143 209.)
896 4072 984 4124 Plura
1002 4071 1089 4140 hujus
1107 4072 1231 4126 nominis

12 4141 13 4228 l
111 4162 173 4215 loca
202 4160 359 4213 etiamnum
382 4159 413 4212 in
445 4159 568 4226 Assyria
596 4161 769 4228 noscuntur3
799 4160 981 4230 praecipuum
1007 4164 1051 4215 est
1079 4160 1229 4232 Oppidum,

12 4235 14 4280 ἰ
118 4248 194 4319 quod
216 4265 299 4318 saepe
320 4251 455 4304 memorat
467 4249 588 4304 'rhomes
608 4249 772 4316 Margenius
790 4250 822 4306 in
834 4250 911 4306 Hist.
931 4251 1053 4306 Monost.
1075 4266 1147 4305 suec.
1159 4250 1186 4305 9.
1199 4251 1231 4304 iu

1094 4365 1112 4402 ἡ
