3056 4756
734 132 909 200 ..66-

268 280 383 327 omnes
403 261 647 330 conculcatores
664 263 842 353 praecepti
857 261 999 328 Domine·
1014 261 1145 350 Papae,
1163 260 1225 351 qui
1240 267 1294 330 est
1310 263 1387 333 loco

269 364 305 433 S.
320 364 429 451 Petri,
448 367 666 438 fundamenti
676 365 913 438 Ecclesiarum
928 373 965 436 et
980 367 1107 457 capitis
1122 369 1382 459 Apostolorum.

269 473 336 542 Sed
361 475 460 545 video
482 476 519 543 in
542 479 754 566 professione
777 481 899 546 nostra
922 475 1012 568 quod
1038 475 1088 544 sit
1109 475 1265 568 aliquid,
1293 479 1385 569 quod

267 605 335 649 non
359 582 523 652 videatur
542 584 557 674 j
563 591 647 654 uxta
670 585 917 676 professionem
932 585 1058 674 Papae3
1076 590 1113 653 et
1127 586 1251 654 Patres
1270 587 1386 655 nostri

268 689 309 757 de
336 688 400 759 hoc
423 690 515 759 nihil
539 692 774 782 scripserunt;
800 691 860 761 sed
884 691 949 760 hoc
972 691 1082 759 solum
1105 691 1383 763 admonuerunt:

268 837 309 849 -
322 819 364 864 ne
379 819 452 880 nos,
468 797 614 882 seilicet,
632 800 675 866 ab
690 798 848 868 Ecclesia
859 797 1015 866 Romana
1028 798 1261 884 deficeremus,
1273 823 1386 892 neque

266 924 288 969 a
300 907 482 993 praecepto
494 904 633 972 Domini
645 905 759 996 Papae
774 904 937 974 habentis
960 903 1087 975 claves
1102 905 1217 997 Regni
1234 907 1385 976 decline·

267 1033 354 1095 mus,
373 1051 411 1062 -
435 1016 471 1080 et
496 1011 669 1082 exsecrati
692 1017 787 1097 sunt,
805 1016 842 1080 et
856 1010 1246 1084 excommunicaverunt
1268 1037 1386 1084 omnes

264 1124 539 1208 transgressores
562 1118 685 1188 horum
709 1120 891 1188 verborum
915 1119 977 1206 (l).

746 1287 777 1364 5.
796 1279 900 1348 XIII.

252 1463 256 1474 ·
331 1442 433 1511 Anno
455 1441 589 1512 Christi
607 1443 694 1510 1653
710 1442 848 1512 Simeon
863 1442 1148 1512 Nestorianorum
1159 1444 1381 1531 Patriarcha,

265 1573 355 1618 unus
371 1573 411 1618 ex
428 1550 484 1635 iis,
498 1551 557 1642 qui
570 1551 607 1619 in
616 1549 1034 1620 PersidisfinibusSedem
1048 1552 1197 1620 fixerant
1208 1553 1382 1640 suam(2),

265 1658 458 1748 Epistulam
482 1658 526 1726 ad
556 1659 796 1728 Innocentium
825 1659 871 1727 X.
897 1658 1060 1748 scripsit,
1093 1661 1131 1727 in
1163 1681 1232 1751 qua
1261 1668 1385 1750 sponte

265 1765 532 1836 communionem
554 1765 731 1835 Ecclesiae
753 1768 927 1836 Romanae
950 1767 1052 1857 petit,
1071 1767 1163 1836 sedis
1178 1767 1384 1858 Petriprin·

265 1875 418 1964 cipetum
441 1875 637 1960 confitetur,
655 1879 692 1943 et
714 1875 808 1943 iuter
831 1881 946 1944 catera
960 1873 1046 1945 haec
1063 1875 1186 1945 habet:
1214 1905 1231 1940 c
1243 1877 1301 1944 Ad
1317 1877 1383 1945 Pa-

264 1988 353 2049 tram
366 1979 509 2050 Petrum
521 1987 557 2050 et
567 1982 746 2052 Pastorem
755 1982 950 2068 Pastorum,
961 1990 1153 2053 nectentem
1161 1983 1380 2070 Diadematu,

264 2093 450 2178 ungentem
473 2088 669 2173 Pontifices,
684 2094 843 2158 sanctum
858 2089 989 2179 Papam
1004 2089 1258 2176 Innocentium,
1273 2099 1383 2182 caput

266 2195 377 2264 totius
400 2195 772 2267 Christianitatis...»

267 2353 453 2382 -s---

334 2431 376 2508 (1)
394 2436 493 2500 Pergit
511 2435 658 2489 variantes
671 2435 831 2488 sententies
844 2447 998 2500 recensere,
1014 2435 1104 2488 mens:
1122 2435 1382 2502 «renuntiavero,

263 2530 373 2593 atquae
387 2541 442 2577 non
461 2527 531 2578 sunt
545 2525 630 2593 juxta
642 2522 794 2576 Ecclesiam
808 2523 963 2576 Romanam
977 2521 1046 2576 haec
1059 2527 1136 2576 suut:
1153 2525 1290 2578 Dominus
1304 2523 1385 2593 Papa

263 2633 324 2671 cum
343 2615 472 2668 omnibus
491 2613 625 2668 Patribus
638 2627 755 2679 magnae
768 2612 911 2666 Ecclesiae
923 2614 1028 2668 Romae
1041 2617 1145 2668 vocant
1154 2615 1304 2680 Virginem
1317 2632 1384 2670 sau·

263 2711 336 2760 ctam
343 2707 461 2762 Mariam
474 2707 525 2759 Dei
539 2705 711 2758 domitricem
715 2722 721 2769 ;
737 2719 788 2755 nos
800 2717 867 2756 vero
881 2703 1037 2758 orientales
1049 2719 1109 2758 eam
1122 2705 1290 2769 genitricem
1301 2705 1383 2758 Chri-

264 2797 304 2850 sti
324 2810 478 2849 vocamuss
500 2797 530 2847 st
549 2795 591 2848 sic
607 2794 752 2846 enumerat
771 2794 830 2844 tres
849 2793 925 2845 alias
946 2791 1134 2860 differentias,
1150 2809 1230 2861 quas,
1245 2798 1278 2847 ut
1296 2809 1385 2862 supra

260 2887 320 2956 jam
339 2883 485 2949 adnotavi,
506 2883 676 2935 verbotenus
697 2879 867 2934 solummodo
893 2897 910 2934 a
927 2879 1058 2935 doctrina
1076 2882 1202 2935 Romana
1220 2881 1383 2951 discrepare

263 2981 324 3030 toto
337 2973 432 3028 studio
441 2974 561 3026 conatur
573 2969 752 3039 persuadere,
763 2969 837 3038 quod
851 2973 880 3023 et
889 2969 981 3038 magis
991 2971 1141 3024 contendit
1151 2970 1283 3040 deinceps
1292 2971 1383 3026 Adam

262 3063 504 3129 Archimaudrita‚
525 3063 638 3127 Romae,
660 3063 809 3128 postquam
828 3075 859 3113 ao
879 3065 1058 3128 pervenerat,
1074 3063 1110 3114 ab
1128 3061 1195 3114 Elia
1211 3062 1385 3116 Patriarcba

263 3157 365 3208 missus
385 3169 445 3206 oum
464 3167 513 3204 suo
533 3150 740 3218 commentario,
761 3150 796 3202 ds
815 3164 869 3216 quo
889 3149 1041 3216 loquimur,
1056 3151 1156 3204 libello
1169 3149 1262 3218 Fidei,
1278 3154 1308 3204 et
1322 3154 1381 3220 epi-

263 3249 340 3299 stola
358 3245 405 3298 hic
423 3242 595 3295 memoratis.
617 3240 672 3304 Qui
694 3243 789 3293 tamen
808 3239 956 3292 tandema
980 3239 1104 3292 veritate
1121 3240 1216 3294 vietus
1235 3241 1384 3296 confessus

262 3338 321 3391 luit
329 3337 433 3404 palam:
443 3349 474 3387 se
487 3348 607 3399 suosque
620 3347 710 3398 usque
723 3331 760 3384 ad
772 3330 847 3384 illud
862 3332 972 3397 tempus
986 3329 1018 3382 in
1033 3345 1127 3383 errore
1137 3337 1267 3384 versatos
1279 3331 1382 3384 luisse.
1498 3355 1502 3362 -

263 3427 441 3494 Quapropter
453 3426 482 3476 et
493 3422 590 3475 Fidem
600 3421 768 3475 catholicam
787 3423 910 3488 ipsemet
929 3419 1060 3473 defendit
1072 3423 1172 3474 contra
1184 3435 1294 3474 errores
1306 3422 1382 3488 apud

262 3516 440 3570 nestorianos
454 3514 596 3580 vigentes,
614 3515 644 3565 et
655 3511 744 3566 redux
764 3511 800 3565 ad
813 3527 893 3565 suum
900 3511 1096 3566 Patriarcham
1109 3515 1139 3566 et
1152 3528 1227 3580 suos,
1240 3512 1381 3587 Amidam,

262 3623 374 3676 operam
389 3605 469 3660 dedit
479 3609 512 3659 ut
524 3605 655 3672 synodus
673 3605 827 3657 haberetur
846 3604 898 3671 ibi,
918 3619 993 3657 anno
1014 3604 1092 3670 1616,
1105 3605 1136 3657 iu
1151 3620 1208 3672 qua
1220 3609 1335 3674 recepta
1354 3613 1385 3661 et

264 3699 443 3766 promulgata
463 3697 521 3752 tuit
538 3695 608 3749 fides
628 3695 787 3760 catholica,
812 3694 1031 3762 confirmataque
1050 3695 1117 3747 unio
1145 3711 1205 3748 cum
1219 3695 1290 3749 Sede
1308 3697 1383 3765 Apo-

262 3787 365 3842 stolica
383 3788 418 3839 ab
437 3787 503 3840 Elia
521 3785 689 3839 Patriaroha
707 3788 737 3836 et
754 3783 926 3851 Episcopatu
949 3783 1162 3850 chaldaeorum,
1184 3785 1281 3838 missis
1299 3785 1384 3840 Actis

263 3876 447 3943 synodalibus
466 3877 496 3928 et
514 3874 611 3927 literis
636 3872 672 3925 ad
690 3873 846 3926 Romanum
864 3871 1037 3926 Pontificem.
1057 3873 1098 3925 Dc
1121 3872 1225 3940 quibus
1249 3873 1384 3929 omuibus

262 3965 328 4020 vide
347 3966 397 4018 cit.
412 3966 527 4017 Petrum
545 3962 689 4016 Strenuum
708 3963 740 4015 in
760 3962 826 4014 libr.
842 3963 1079 4028 DeDogmatibus
1092 3963 1122 4014 et
1135 3962 1169 4015 de
1187 3962 1385 4028 Synodalibus

262 4054 478 4110 chaldaeorum.

332 4141 374 4218 (2)
392 4144 464 4200 Vide
481 4145 513 4196 iu
531 4141 692 4210 Appendice
710 4141 809 4195 horum
828 4139 1058 4194 Patriarcharum
1077 4142 1255 4196 mentionem.
