3046 4756
589 239 792 307 -161-

127 364 291 433 Siderum
315 365 498 434 scientiam
520 371 691 456 putantur
714 367 882 452 effecisse,
903 373 943 436 ut
958 369 1112 458 praedici
1132 379 1250 460 posset

127 468 212 559 quid
238 467 363 560 cuique
388 475 607 554 eventurum,
634 477 670 538 et
694 493 760 562 quo
789 472 936 562 quisque
964 474 1038 541 fato
1068 478 1173 542 natus
1200 497 1251 544 es·

128 580 215 642 sete
241 576 306 666 (1).

193 683 228 750 4.
255 683 459 770 Praeterea,
485 685 629 770 Parthi,
656 691 691 754 et
713 684 826 769 Medi,
852 693 888 754 et
910 687 1101 772 Elamitae,
1131 691 1251 782 etqui

126 789 336 857 habitabant
358 790 641 880 Mesopotamiam
664 792 850 881 Apostolos
874 799 953 882 post
976 800 1157 885 acceptum
1173 796 1249 886 Spi-

124 898 236 966 ritum
261 897 428 966 Sanctum
451 899 564 968 variis
587 899 721 988 linguis
744 900 924 990 loquentes
945 903 1111 971 admirati
1125 905 1174 992 (2)
1191 928 1249 972 ru·

124 1029 255 1074 morem
279 1005 320 1074 de
343 1005 478 1075 Christi
502 1007 569 1075 fide
591 1007 630 1074 in
653 1006 811 1096 regiones
835 1032 917 1078 suas
954 1017 990 1078 et
1018 1012 1098 1101 ipsi,
1127 1013 1249 1102 procul

125 1113 245 1197 dubio,
271 1113 447 1181 invexere.

193 1221 226 1288 5.
253 1221 388 1288 Harum
411 1243 494 1290 vero
517 1220 698 1310 regionum
722 1222 1083 1292 administrandarum
1107 1228 1248 1314 provin·
1318 1215 1322 1226 ’

124 1331 217 1400 ciam
241 1329 391 1396 Thomas
415 1329 605 1418 Apostolus
630 1331 791 1398 Taddaeo
815 1331 872 1400 vel
895 1331 1038 1434 Addaeo
1060 1333 1212 1418 Domini,
1231 1357 1249 1402 e

124 1437 356 1525 septuaginta
379 1437 512 1504 duobus
539 1435 721 1526 Discipulo
738 1437 921 1521 commisit,
941 1461 1040 1529 quem
1053 1439 1125 1528 jam
1143 1439 1249 1508 Edes-

123 1565 199 1610 sam
223 1543 268 1609 ad
291 1565 407 1630 regem
424 1542 606 1631 Abgarum
629 1543 784 1610 miserat.
804 1543 952 1610 Interim
969 1544 1043 1634 ipse
1066 1551 1248 1636 postquam

123 1649 220 1716 hunc
235 1649 366 1738 Regem
388 1648 533 1740 ejusque
557 1672 704 1739 regnum
728 1650 771 1718 ad
796 1649 976 1718 Christum
1000 1675 1179 1720 conversos
1197 1654 1249 1723 vi·

124 1759 282 1842 sitasset,
308 1757 352 1825 ad
375 1758 535 1847 regiones
558 1758 746 1826 ulteriores
769 1760 946 1848 profectus
968 1759 1249 1850 Mesopotamiam

124 1889 257 1934 omnem
273 1872 309 1934 et
323 1867 555 1956 Babyloniam
568 1868 729 1958 primum,
745 1868 923 1936 Christum
940 1868 1068 1959 ubique
1084 1869 1248 1938 nuntian-

123 1975 179 2058 do,
199 1975 417 2063 peragravit;
436 1979 511 2041 tum
527 1974 649 2042 deinde
665 1975 841 2043 Persidem
858 1976 1014 2068 aliasque
1035 1977 1245 2066 provincias,

123 2105 214 2174 quae
237 2082 447 2150 Parthorum
471 2088 556 2150 tunc
579 2081 729 2171 Imperio
754 2083 907 2171 suberat3
934 2091 970 2152 et
993 2083 1129 2152 Indiam
1154 2084 1247 2152 deni-

124 2213 191 2282 que
214 2189 411 2278 Evangelio
435 2190 576 2258 imbuit.

193 2297 225 2366 6.
252 2297 417 2392 Addaeus
441 2319 575 2388 quoque
599 2297 790 2386 discipulos
806 2298 932 2367 habuit
954 2299 1047 2368 sacri
1063 2299 1123 2384 sui
1145 2299 1247 2367 Mini-

26 2403 29 2410 ’
122 2405 227 2474 sterii
250 2405 429 2494 adjutores
443 2406 626 2494 Aghaeum
642 2411 676 2474 et
688 2406 826 2476 Marim.
852 2408 931 2497 Ipse
947 2431 1029 2476 vero
1041 2407 1175 2476 Orhoea
1188 2431 1247 2477 seu

4 2527 8 2565 '¹
121 2517 257 2584 Edessa
272 2537 435 2604 egressus
450 2516 488 2582 in
496 2515 664 2585 Nisibena
679 2517 1006 2606 regione,Assyria,
1021 2517 1248 2587 Maussulana

4 2621 5 2630 ’
122 2631 231 2708 terra,
256 2624 455 2692 Arbelitide
478 2629 513 2692 et
526 2625 723 2713 Babylonia
747 2626 992 2694 seuAramaea
1014 2627 1244 2714 praedicasse,

121 2739 158 2801 et
182 2732 302 2799 statim
325 2733 362 2798 in
386 2732 596 2800 Osrhoenam
612 2755 672 2800 seu
688 2732 883 2800 Orboenam
906 2755 1071 2802 reversus
1095 2734 1222 2802 fertur.

191 2841 224 2908 7.
249 2841 363 2908 Mares
394 2847 509 2909 autem
544 2863 627 2930 prae
658 2841 783 2909 ceteris
811 2841 874 2909 diu
902 2849 1129 2912 conversatus
1160 2843 1244 2929 fuit,

121 2948 358 3040 praedicavit,
385 2947 554 3036 plurimos
582 2946 664 3014 fidei
687 2946 908 3016 Christianae
932 2949 1111 3035 initiavit,
1137 2956 1173 3018 et
1196 2973 1247 3019 ec·

122 3055 249 3124 clesias
272 3054 475 3123 aedificavit
497 3054 533 3122 in
559 3053 751 3143 provinciis
775 3053 872 3120 ultra
896 3055 1095 3143 Tigridem,
1121 3055 1158 3122 in
1180 3055 1246 3122 Ba-

123 3163 279 3253 bylonia,
298 3161 478 3246 Cascarae,
496 3170 570 3230 tum
595 3163 632 3230 in
648 3163 787 3230 Uxiana
810 3186 871 3230 seu
894 3162 1010 3230 Huzia
1032 3163 1185 3252 regione,
1211 3169 1247 3232 et

122 3273 160 3340 in
185 3270 318 3340 Persia.
343 3272 411 3338 Hie
434 3270 663 3340 Christicolas
687 3270 814 3340 multos
838 3272 975 3342 invenit
995 3271 1067 3360 jam
1090 3293 1151 3361 per
1173 3271 1244 3341 Ad·

123 3380 247 3446 daeum
270 3378 464 3446 nuntiatos.

195 3648 238 3720 (1)
258 3649 332 3702 Hinc
345 3650 380 3702 cl.
395 3650 422 3702 J.
436 3648 464 3702 S.
478 3648 649 3703 Assemanus
667 3647 730 3725 (cit.
748 3654 814 3704 tom.
824 3653 850 3703 3.
866 3669 893 3718 p.
902 3653 929 3705 2.
940 3667 1005 3719 pag.
1017 3653 1043 3704 3.
1059 3668 1124 3706 suae
1137 3652 1244 3708 Biblio-

7 3718 11 3788 ’τ
121 3743 220 3794 thecae
233 3735 597 3813 clementino-vaticanae)
619 3740 652 3794 dc
672 3741 767 3794 eadem
787 3741 835 3796 SS.
849 3743 993 3806 Magorum
1005 3743 1141 3796 Missiona
1156 3743 1244 3798 disse-

120 3829 278 3884 renoscite
298 3829 333 3881 ad
352 3845 410 3881 rem
429 3831 532 3882 scribit
553 3831 662 3898 «Magi,
676 3832 737 3885 sive
750 3833 773 3884 ii
787 3848 821 3884 ex
835 3831 950 3899 Arabia,
964 3833 1025 3885 sive
1047 3849 1082 3885 ex
1102 3833 1259 3889 Chaldaea,

121 3923 150 3974 ct
161 3918 278 3972 Perside
290 3919 425 3972 venerint
432 3917 592 3992 (utrumque
606 3923 681 3974 enim
695 3923 847 3988 Evangelii
856 3923 1094 3977 Commentatcrcs
1110 3920 1245 3999 tradunt)

121 4009 332 4078 adorientem,
354 4009 428 4062 unde
448 4017 625 4064 accesserant
643 4012 808 4065 redierunt:
830 4015 897 4066 illos
918 4018 1012 4068 antem
1031 4015 1067 4068 ad
1083 4015 1244 4070 Chaldaeos

122 4103 251 4168 spectare
270 4102 385 4153 constat
402 4115 458 4152 non
477 4100 570 4152 minus
590 4102 615 4153 si
633 4101 751 4169 Arabes,
768 4103 888 4168 quamsi
903 4104 1006 4157 Persae
1020 4103 1144 4173 tuerint5
1160 4121 1244 4174 quum

122 4191 250 4246 Ecclesia
263 4189 467 4244 Chaldaeorum
485 4189 593 4244 Arabes
613 4192 769 4260 Persasque
788 4193 1076 4261 comprehendebat.»

195 4277 239 4354 (2)
256 4278 319 4334 Aet.
338 4296 361 4334 c.
377 4281 402 4336 2.
572 4279 574 4281 ’

1086 4404 1121 4463 ll
