3056 4756
609 210 785 294 „71-

138 361 223 406 sam:
242 344 283 406 nt
299 337 434 407 scilicet
457 337 629 408 Universa
645 338 737 408 Gens
750 333 1155 424 Chaldaeo-Nestorium,
1175 339 1255 407 illn-

140 447 224 514 stris
236 445 401 514 nimirum
414 445 524 532 illins,
536 447 597 538 qni
609 447 742 516 dicitur
754 447 956 532 Orientalis,
969 447 1131 518 Nationis
1144 454 1180 518 ct
1190 447 1254 516 Ec·

5 601 8 624 .
140 554 277 637 elesius,
292 574 393 644 quae,
410 577 471 642 per
486 554 600 624 decem
612 555 826 645 potissimum
843 554 992 638 saecula,
1003 556 1106 645 longe
1118 556 1256 648 lateque

140 662 402 746 extendebatur,
424 685 483 752 per
509 663 662 752 Syriam,
684 663 938 749 Palaestinam,
961 663 1253 755 Mesopotamiam,

139 771 338 859 Assyriam,
353 770 544 856 Parthiam,
555 771 767 856 Armeniam,
786 771 945 856 Mediam,
962 771 1151 855 Persidem,
1171 771 1255 838 Tar·

139 879 279 961 teriam,
291 877 485 966 Scythiam,
495 879 722 968 Hyrcaniam,
734 879 1253 964 Chorosanam,Transoxanam,

141 986 272 1071 Sinam,
287 985 481 1072 Chataiam,
495 986 643 1072 Indiam,
658 987 836 1072 Arabiam,
847 987 1076 1076 Babyloniam
1088 985 1253 1076 alibique,

141 1119 217 1163 cnm
235 1095 400 1162 Romanis
412 1099 516 1188 atque
540 1096 812 1166 occidentalibus
828 1094 1022 1179 catholicis,
1037 1093 1147 1163 nullis
1170 1117 1255 1162 com-

140 1201 399 1285 manicationis,
410 1201 586 1270 amicitiae
596 1209 658 1270 aut
666 1201 912 1270 facilitationis
922 1199 1109 1289 cujuslibet
1120 1199 1254 1283 mediis,

141 1309 339 1397 conjuncta,
354 1309 519 1402 nulloque
542 1310 695 1400 partium
720 1310 837 1379 studio
853 1332 915 1398 pro
930 1309 988 1392 iis,
1004 1313 1068 1376 aut
1083 1309 1257 1377 utilitatis

141 1419 221 1502 fine,
249 1417 387 1504 illecta,
413 1417 471 1486 sed
496 1425 633 1503 contra,
659 1419 703 1485 ab
726 1417 859 1502 iisdem,
885 1417 1026 1485 itineris
1049 1415 1258 1485 difficultate

141 1546 181 1592 ac
206 1525 279 1592 fere
302 1523 599 1614 impossibilitate,
625 1523 777 1593 locorum
800 1524 1075 1615 longinquitate,
1100 1522 1254 1612 imperio,

143 1630 309 1699 civilibus
325 1631 630 1700 vicissitudinibus
646 1653 686 1699 ac
699 1630 967 1716 conditionibus,
984 1630 1138 1720 politicis
1150 1631 1257 1697 actio-

142 1740 258 1824 nibus,
273 1739 409 1828 lingua,
428 1762 565 1829 genere,
584 1739 748 1823 moribus,
766 1739 900 1823 usibus,
919 1760 960 1807 ac
976 1738 1097 1822 modis,
1116 1760 1257 1827 prorsus

143 1853 306 1934 separata
321 1867 362 1914 ac
377 1845 496 1935 dispar
516 1867 626 1936 usque
641 1846 826 1926 exsistens,
841 1845 998 1929 Romani,
1017 1843 1255 1929 nihilominus,

144 1950 370 2019 Patriarchae
393 1951 597 2036 Primatum,
618 1973 659 2018 ea
682 1973 750 2043 qna
772 1970 878 2040 supra
900 1956 954 2019 est
976 1950 1182 2039 expositum,
1197 1972 1256 2017 au-

142 2057 311 2125 thenticis
333 2057 481 2147 prolatis
504 2057 734 2142 monimentis,
753 2057 900 2141 ratione,
917 2056 1017 2125 nulla
1039 2078 1107 2124 nou
1130 2061 1256 2140 aetate,

143 2170 207 2232 aut
229 2166 502 2255 opportunitate,
529 2166 687 2234 confessa
709 2171 813 2256 atque
836 2169 967 2233 testata
991 2163 1052 2232 sit.
