3046 4756
730 213 964 282 -160-·

272 343 377 426 ebore,
395 340 488 410 viam
504 342 618 412 edocti
642 342 798 427 fuerunt,
817 348 853 412 et
868 365 930 434 per
946 341 1036 411 dona
1059 299 1194 434 quoque
1210 339 1285 427 illa,
1302 363 1392 434 quae

218 539 221 562 Ι
271 447 342 516 Nos
365 449 548 516 obtulimus
570 449 645 540 Ipsi
669 449 852 537 (Christo).
873 478 889 513 n
1349 525 1353 534 ,

336 555 401 626 IV.
425 556 521 625 Idem
543 557 703 642 tradunt,
730 562 772 626 ut
793 558 883 626 alios
906 557 1047 650 sileam,
1060 557 1283 626 lesu-dadus
1305 555 1391 645 Epi-

271 687 394 754 scopus
416 665 592 735 Hadithae
615 665 868 734 Commentator
891 666 1029 736 saeculo
1045 666 1099 733 IX
1114 665 1232 734 clarus
1247 666 1285 732 in
1299 665 1391 732 Ele-

271 771 444 839 ciolotioaa
454 773 546 842 Novi
559 773 730 842 Foederis:
743 773 844 842 Elias
863 774 1058 864 Episcopus
1068 773 1236 840 Anbanae
1251 773 1290 840 in
1307 771 1391 840 Cen-

272 883 388 947 tariis:
411 887 447 950 et
465 879 655 971 Jesujabus
667 881 962 972 Archiepiscopus
980 881 1170 951 Nisibenus
1191 883 1229 949 in
1247 881 1338 949 Sect.
1354 880 1389 948 2.

270 1009 343 1077 par.
358 989 392 1058 4.
407 989 732 1072 Demonstrationis
759 990 820 1080 qui
842 995 1085 1080 praeterquam
1109 988 1200 1080 quod
1213 987 1390 1056 Traditio-

269 1117 345 1163 nem
358 1117 379 1162 a
390 1097 561 1185 praefatis
576 1099 778 1166 auctoribus
794 1098 1009 1186 evulgatam,
1023 1103 1060 1166 et
1076 1119 1180 1187 penes
1196 1095 1390 1164 Chaldaeos

270 1209 484 1273 constantem
500 1211 671 1294 repetant,
687 1205 791 1294 plura
803 1205 874 1272 alia
886 1205 1005 1295 magni
1018 1203 1181 1283 momenti
1193 1203 1328 1286 docent,
1344 1202 1388 1270 ab

271 1309 398 1378 Atavis
421 1311 603 1380 memoriae
625 1311 776 1401 prodita,
796 1313 890 1381 circa
914 1335 1094 1380 numerum
1119 1311 1175 1380 Ss.
1193 1309 1389 1398 Magorum,

269 1419 418 1508 ligurem
445 1425 481 1488 et
503 1419 708 1511 qualitatem
735 1419 872 1489 Sideris
896 1421 1091 1510 prodigiosi
1107 1419 1170 1506 (1),
1198 1427 1233 1486 et
1255 1417 1390 1508 praedi·

270 1509 401 1594 otiores
427 1525 622 1594 Zaradosht
645 1527 877 1613 (Zoroastri)
910 1527 1079 1616 Magismi
1102 1525 1325 1610 fundatoris,
1352 1524 1393 1592 de

269 1633 333 1702 hoc
349 1635 447 1722 siqno
468 1633 684 1724 apparituro;
703 1655 789 1725 quae
813 1635 928 1702 omnia
950 1635 1036 1704 licet
1054 1634 1303 1725 pulcherrima,
1323 1657 1392 1701 non

269 1747 373 1810 vacat
394 1763 456 1810 uec
472 1742 613 1831 expedit
630 1741 707 1810 heio
723 1765 905 1832 exponere.
921 1727 1082 1814 Ceterum
1106 1741 1254 1826 abunde,
1269 1741 1307 1808 ni
1324 1742 1391 1810 ial-

266 1848 335 1934 ‘lor,
361 1855 414 1918 est
441 1851 623 1940 probatum
647 1851 702 1920 Ss.
717 1850 839 1940 Magos
860 1851 931 1920 dici
953 1857 989 1920 et
1004 1873 1078 1920 esse
1101 1856 1176 1920 tum
1191 1873 1233 1919 ex
1249 1851 1392 1919 Perside

268 1964 304 2026 et
330 1958 472 2043 Person,
498 1963 574 2026 tum
597 1981 638 2028 ex
663 1958 817 2048 Assyria
844 1965 880 2028 et
902 1959 1072 2048 Assyros,
1099 1964 1174 2027 tum
1198 1958 1392 2026 Chaldaeos

269 2072 305 2134 et
331 2066 565 2156 Babylonios,
591 2089 651 2135 seu
683 2066 897 2149 orientales,
922 2091 962 2136 eo
991 2089 1111 2158 nempe
1140 2089 1264 2151 sensu,
1290 2088 1392 2156 quem

270 2177 347 2244 fuse
379 2174 539 2264 superius
575 2175 668 2244 eirca
690 2175 891 2264 hujusmodi
921 2175 1239 2244 denominationum
1263 2177 1391 2265 promi·

270 2305 387 2352 seuam
410 2282 652 2372 acceptionem,
672 2283 945 2354 illustravimus.
964 2283 1065 2367 Quod
1088 2277 1271 2374 praeterea
1294 2283 1392 2350 miri-

269 2393 332 2460 fice
348 2392 591 2459 corroboratur
606 2391 805 2459 testimonio
823 2389 1000 2460 Ciceronis
1023 2397 1123 2460 tanto
1147 2390 1293 2460 eventui
1316 2391 1392 2460 fere

270 2499 399 2569 coaevi.
419 2499 486 2568 Hic
503 2500 594 2568 enim
610 2499 635 2567 l.
651 2499 683 2567 1.
698 2522 728 2567 o.
748 2499 780 2568 1.
799 2500 841 2568 de
857 2500 1084 2569 Divinatione
1105 2498 1240 2570 scribit:
1258 2499 1391 2567 «Prin-

270 2606 359 2696 cipio
382 2607 549 2696 Assyrii,
575 2613 615 2675 ut
637 2607 680 2673 ab
704 2606 840 2675 ultimis
864 2607 914 2696 (2)
939 2607 1184 2677 auctoritatem
1208 2612 1389 2695 repetam,
1506 2659 1507 2673 .

268 2719 410 2805 propter
433 2714 615 2804 planitiem
639 2714 988 2808 magnitudinemque
1014 2713 1207 2804 regionum,
1227 2735 1312 2805 quas
1337 2715 1390 2782 in-

269 2821 469 2890 colebant...
495 2821 720 2912 trojectiones
743 2827 925 2914 motusque
942 2821 1133 2892 Stellarum
1157 2821 1391 2891 observitave·
1504 2877 1505 2883 ,

267 2936 364 2999 runt:
385 2930 511 3021 quibus
535 2929 678 3015 notatis,
706 2931 791 3022 quid
816 2953 950 3022 quoque
975 2930 1249 3020 significaretur,
1267 2952 1390 2997 memo·

267 3037 341 3106 riae
357 3036 620 3128 prodideruntr
640 3039 714 3120 Quo
727 3042 764 3104 ia
776 3039 940 3122 Notioae,
956 3038 1126 3107 Chaldaei
1140 3063 1207 3105 aaa
1224 3063 1265 3105 aar
1281 3040 1387 3121 artis,

268 3144 325 3212 sed
348 3167 389 3211 ec
414 3148 528 3235 qenais
559 3146 719 3214 vocabalo
746 3150 918 3214 nominati
951 3147 1122 3216 diuturna
1149 3147 1391 3217 observatione

273 3334 459 3347 m

337 3435 382 3515 (1)
400 3441 439 3493 De
459 3439 546 3494 stella
564 3453 684 3508 namque
703 3441 759 3494 illa
778 3440 880 3494 docent
896 3441 1040 3508 proditum
1060 3457 1121 3495 essa
1140 3444 1265 3496 veterum
1284 3457 1392 3496 memo-

191 3591 193 3606 ,
266 3531 326 3584 riae
338 3531 456 3594 liguram
471 3530 635 3584 exhibuisse
648 3530 817 3583 luminosam
826 3529 997 3583 roubais
1010 3531 1164 3584 Ponauu
1176 3529 1391 3586 suenum-

267 3620 337 3674 TIS:
358 3620 474 3673 Utinam
496 3620 548 3674 hoc
573 3619 781 3688 perpenderint
803 3620 979 3674 Iconomacbi
1009 3621 1201 3688 recentiores,
1221 3621 1299 3674 inter
1319 3637 1391 3688 qnos
1496 3643 1497 3652 ¹

266 3712 386 3763 ceterum
405 3710 551 3776 sapientes
569 3711 667 3777 plures
685 3709 817 3777 audiunt,
839 3712 925 3778 atque
939 3709 1140 3778 antiquitatis,
1156 3710 1296 3764 ethorum
1309 3727 1392 3778 prae·

266 3800 365 3852 sertim
383 3798 658 3880 Orientaliumxfidei
679 3799 895 3866 simplicitatem
915 3798 1122 3852 admiratores:
1149 3799 1215 3852 dein
1236 3799 1334 3853 dicant
1353 3818 1390 3854 an
1494 3839 1495 3842 η

267 3887 528 3961 quoleestorlanis
538 3888 670 3956 testibus,
684 3890 759 3942 Deus
769 3889 953 3956 Omnipotens
963 3889 1054 3954 Magis
1065 3891 1096 3941 in
1111 3889 1235 3955 imagine
1249 3890 1389 3959 ostendit,

266 3993 319 4046 quo
333 3978 503 4032 ducerentur
521 3977 556 4031 ad
571 3978 660 4043 Bagis
674 3979 780 4045 Regum
794 3980 910 4047 eJ'usque
920 3979 1022 4033 Matris
1036 3979 1168 4044 Virginis
1186 3979 1389 4051 cognitionem,

266 4081 367 4118 nonne
387 4067 457 4118 lieet
466 4065 608 4119 Ecclesiae
623 4066 795 4135 Catholicae,
811 4067 926 4120 eundem
945 4067 1033 4120 ferma
1046 4067 1077 4119 in
1088 4067 1180 4133 finem,
1194 4083 1244 4134 pro
1254 4068 1390 4132 ignoran-

266 4155 344 4208 tibus
354 4155 425 4206 filiis
441 4154 598 4222 enisaeque
613 4171 645 4208 ac
660 4147 842 4224 sapientibus
855 4159 962 4212 saeculi
975 4158 1071 4227 hujus,
1086 4156 1215 4225 quotidie
1227 4163 1390 4213 renovaret

339 4237 382 4315 (2)
400 4243 436 4294 Η.
448 4258 472 4295 e.
486 4244 711 4310 antiquioribus.
