3046 4756
729 253 931 322 ...190-

266 380 379 471 Regia
392 380 577 452 Persarum
593 381 695 451 initio
719 402 807 451 saeo.
827 380 892 452 IV.
910 379 1030 470 plures
1052 379 1165 450 fuisse
1186 401 1228 449 ex
1244 381 1389 452 Huzitis

267 487 472 579 praesertim
495 487 597 575 viris,
615 495 657 558 ut
672 488 786 580 liquet
801 511 843 557 ex
860 489 950 557 aotis
966 487 1002 558 S.
1017 488 1042 555 J
1043 489 1142 558 aoobi
1156 488 1332 574 Interoisi,
1352 495 1390 559 et

267 596 435 682 Danielis,
453 596 564 665 Jonas
586 603 622 666 et
636 595 818 666 Michaelis
840 595 882 664 B.
897 595 1051 686 Eugenii
1077 595 1323 666 Monaohorum
1348 598 1388 666 in

175 745 179 752 »
266 701 513 794 Mesopotamia
535 707 571 772 et
594 702 769 772 Chaldaea
798 701 916 770 Patris
947 703 1119 771 sociorum
1150 703 1237 772 vitis
1260 704 1322 792 (1).
1342 744 1388 756 -

265 813 301 880 4⁰
325 812 490 881 celebrem
514 811 624 882 fuisse
646 812 684 880 in
707 812 772 880 hoo
795 811 933 880 saeoulo
955 810 1222 901 Beth-Lapetae
1244 813 1388 904 Episco-

266 943 347 1011 pum
361 919 567 1009 Martyron,
586 919 623 988 S.
639 919 846 1009 Gadjabum,
865 918 925 1009 qui
941 918 977 988 S.
991 917 1168 987 Milesium
1181 920 1291 990 Susae
1302 921 1388 1011 Epi·

261 1048 406 1117 scopum
422 1026 646 1096 ordinaverat
668 1032 821 1095 antean.
840 1025 932 1110 310,
959 1048 1026 1117 quo
1049 1025 1108 1093 hio
1130 1027 1291 1096 abdicato
1313 1028 1386 1119 epi-

267 1139 411 1225 scopatu
433 1135 503 1204 iter
523 1135 560 1202 iu
574 1133 810 1203 Palaestinam
832 1139 868 1202 et
886 1133 1092 1223 Aegyptum
1108 1136 1263 1226 suscepit
1278 1137 1330 1226 (2)
1342 1177 1388 1187 -

266 1242 300 1308 5⁰
314 1241 563 1310 Monasterium
586 1240 763 1330 Lapethae
792 1239 1024 1308 Elamitarum
1049 1263 1070 1308 a
1093 1241 1244 1310 Bademo
1258 1243 1385 1313 Arohi-

266 1349 441 1418 mandrita
452 1349 672 1418 aedificatum
685 1353 894 1418 memoratur
904 1348 954 1438 (3)
964 1350 1028 1417 sub
1040 1350 1108 1427 fine
1121 1349 1228 1438 hujus
1238 1354 1383 1438 saeouli,

265 1463 303 1526 et
321 1464 402 1527 ante
424 1457 708 1548 propagationem
730 1457 993 1548 Disoipulorum
1021 1457 1058 1526 S.
1076 1458 1194 1527 Patris
1215 1459 1383 1550 Eugenii,

265 1567 357 1658 apud
380 1567 472 1658 quod
494 1572 530 1634 et
553 1565 680 1635 Schola
702 1565 847 1635 celebris
871 1565 954 1649 fuit,
980 1565 1018 1634 in
1043 1564 1299 1634 Constitutione
1322 1568 1384 1636 Sa·

266 1675 405 1764 barjesu
428 1673 653 1754 Patriarohae
677 1697 766 1743 eaeo.
785 1673 851 1741 IX.
872 1673 1019 1742 laudata
1034 1715 1077 1724 -
1093 1674 1127 1742 6ο
1142 1673 1235 1743 inter
1262 1698 1385 1744 merno-

265 1790 361 1852 ratos
385 1783 543 1874 captivos
566 1783 759 1871 complures
775 1782 885 1850 iuissa
897 1781 1116 1852 Christianos
1132 1783 1269 1851 omnino
1285 1806 1385 1874 prae-

266 1891 467 1960 sumendum
490 1912 564 1960 esse
586 1930 631 1942 —
653 1892 687 1958 7ο
709 1891 852 1980 ideoque
875 1896 911 1959 et
934 1889 1015 1959 indo
1038 1891 1171 1959 iactum
1194 1898 1235 1959 ut
1264 1891 1386 1982 plures

265 1997 459 2066 Christiani
481 1997 632 2066 Huzitae
655 2003 691 2066 et
713 1998 776 2066 alii
799 1999 844 2068 ad
866 1997 1118 2068 Chaldaeorum
1138 1997 1283 2070 Gentem
1307 2022 1384 2089 per-

264 2105 418 2176 tinentes
440 2105 478 2174 in
499 2105 640 2174 Oriente
663 2105 714 2192 (4)
739 2105 889 2175 salebras
912 2106 950 2174 in
973 2106 1144 2176 medisina
1166 2111 1203 2176 et
1218 2107 1385 2196 magistri

265 2213 479 2297 exstiterint,
504 2217 548 2280 ut
570 2211 731 2282 observat
753 2211 995 2282 Barhebraeus
1019 2214 1082 2302 (5).

330 2317 377 2387 X.
402 2318 506 2388 Haud
530 2323 646 2387 sertus
670 2325 723 2387 est
746 2341 877 2404 annus,
908 2341 975 2411 quo
999 2319 1094 2409 Papa
1119 2317 1239 2388 Sedem
1264 2317 1384 2388 Seleu-

264 2427 412 2502 oiensem
433 2449 566 2517 regere,
592 2433 628 2496 et
650 2426 863 2497 Christianis
887 2427 1047 2496 omnibus
1069 2426 1107 2495 in
1128 2427 1279 2518 Imperio
1301 2427 1384 2496 Per-

274 2677 459 2696 *—

333 2839 378 2919 (1)
395 2846 533 2898 Prostaut
550 2844 619 2898 haee
638 2841 803 2898 documenta
815 2843 847 2898 iu
860 2851 943 2912 saepe
962 2843 1077 2899 laudato
1097 2842 1163 2899 Coti.
1179 2843 1260 2898 Chal.
1272 2844 1380 2912 XVIII,

264 2938 348 3002 Borg.
361 2938 396 2990 V.
409 2933 439 2987 C.
451 2934 485 2988 U.
501 2934 534 2988 do
545 2936 629 3002 Prop.
644 2934 724 2988 Vide.

332 3019 376 3098 (2)
394 3023 509 3079 Videsis
527 3024 599 3079 Asta
611 3024 696 3077 Mart.
710 3025 758 3079 Or.
773 3026 816 3080 at.
828 3023 917 3078 litori.
932 3022 1041 3077 Assem.
1064 3027 1093 3078 ot
1114 3023 1164 3077 eit.
1186 3021 1254 3076 (iod.
1270 3023 1380 3077 XVIII.

263 3115 347 3180 Borg.
359 3117 392 3167 ut
410 3114 470 3167 alia
486 3114 558 3167 Aeta
570 3114 707 3181 Martyrr.
727 3114 759 3166 iu
779 3129 846 3168 mss.
861 3115 1041 3168 nostratibus
1060 3114 1090 3168 in
1103 3114 1201 3168 Patrio
1216 3114 1276 3168 solo
1287 3113 1382 3167 adser-

262 3205 339 3260 vatis
359 3207 475 3258 taceam.

333 3290 377 3368 (3)
395 3295 430 3348 In
447 3292 511 3348 Aet.
528 3293 628 3347 Chald.
640 3295 762 3361 Martyr.
776 3294 887 3349 Orioni.

333 3383 374 3458 (4)
392 3371 432 3436 Eo
452 3399 538 3438 sensu
557 3385 664 3452 aooipio
684 3384 747 3438 heio
761 3384 915 3448 Orientem,
930 3385 963 3436 ut
975 3397 1034 3438 mos
1053 3387 1099 3438 est
1116 3398 1204 3452 penes
1222 3386 1377 3452 nostrates,

263 3490 316 3544 quo
336 3475 378 3528 sio
395 3475 485 3528 relate
505 3473 541 3526 ad
555 3473 669 3541 Syriam
686 3477 830 3541 spectatur
848 3476 878 3526 et
896 3477 949 3542 est,
967 3489 1024 3527 non
1043 3475 1183 3528 absolute.

331 3560 375 3637 (ὅ)
394 3563 497 3618 Chrou.
509 3563 574 3630 Syr.
588 3565 669 3617 Part.
681 3564 705 3616 1.
719 3563 751 3616 in
764 3563 928 3618 Valeriano.
942 3565 1023 3618 Inter
1032 3567 1140 3618 eeteros
1152 3578 1230 3631 vero,
1243 3565 1274 3616 in
1284 3564 1380 3618 Histo-

261 3655 306 3709 ria
324 3654 566 3722 Nestorianorum,
588 3654 724 3707 eminent:
744 3653 907 3707 rusodorm
925 3656 1048 3723 Marnas,
1069 3655 1101 3707 in
1115 3653 1285 3720 chorosans,
1299 3655 1380 3709 urbis

260 3746 444 3813 Metropolita
462 3747 515 3799 sub
527 3745 662 3799 Mar-Aba
679 3745 704 3798 Ι.
723 3743 893 3798 Patriareha
910 3744 985 3797 eirca
1003 3761 1050 3798 an.
1065 3744 1127 3798 540:
1149 3744 1261 3798 Simeon
1276 3745 1380 3798 laibu-

260 3835 313 3888 tha
329 3831 406 3909 (hoo
424 3839 469 3889 est
486 3829 605 3905 Gratis)
626 3835 779 3889 Monachus
797 3833 872 3887 eirea
889 3849 963 3887 anno
986 3833 1048 3887 690.
1069 3835 1107 3888 Et
1125 3851 1143 3888 a
1161 3850 1233 3888 saec.
1248 3836 1330 3888 VIII.
1351 3838 1381 3888 st

261 3925 393 3994 deinoeps
402 3927 526 3980 Ioannes
544 3926 649 3992 hiesus,
665 3925 775 3978 celeber
787 3924 965 3978 Ohalilarum
977 3924 1172 3989 Bagdadensis
1185 3925 1379 3992 Philosophus

260 4014 391 4084 Gabriel,
415 4015 499 4084 hujus
517 4014 596 4068 filius
615 4015 799 4084 Baohtjesus,
821 4016 850 4066 et
868 4014 955 4084 hujus
977 4015 1033 4068 filii
1051 4013 1167 4069 Cabrisl
1188 4017 1216 4068 et
1238 4015 1377 4084 Ioannes,

261 4103 452 4172 Salmavaeus,
473 4120 569 4157 omnes
591 4103 799 4172 Bagdadsnses,
821 4103 940 4172 Sapores
969 4103 1068 4158 Sahsli
1096 4103 1375 4174 (tandisaporsnsis,

260 4194 367 4260 Ioseph
384 4193 545 4260 Al·Sahor,
565 4195 739 4261 Presbyter,
760 4195 912 4248 Barsumas
931 4193 1055 4248 Carrhae
1074 4209 1124 4246 seu
1141 4193 1379 4248 Beth-Seleuciae

260 4281 426 4380 Episcopus,
446 4282 647 4370 Abu-Saholus
659 4280 814 4338 Aliiasihi
833 4283 1011 4340 chorasanus
1029 4282 1245 4340 suornm
1262 4284 1378 4339 Praete-
