3046 4756
729 150 928 218 -154-

270 275 324 344 18.
342 275 612 346 Dailamitarum
635 282 671 345 et
694 275 955 346 Ghilanitarum
979 277 1041 366 (1).
1060 278 1154 347 -19,
1173 276 1380 347 Samarien-

271 383 334 450 dae
361 381 423 468 (2).
444 425 466 434 -
488 383 543 452 20.
571 383 825 454 'lurchistanae
854 383 915 472 (3).
942 427 963 438 -
987 383 1043 454 21.
1075 387 1227 455 Balohae
1254 391 1289 454 et
1321 385 1385 454 Tc·

271 491 490 561 charistanae
521 492 583 580 (4).
613 534 634 544 -
661 493 717 563 22.
747 495 968 565 Hierusalem
994 497 1058 582 (ὅ).
1084 537 1105 546 -
1132 495 1188 564 23.
1222 495 1383 585 Segesta-

342 743 386 821 (1)
407 748 590 814 Metropolita
601 748 818 802 Dailamitarum
829 748 934 802 decimo
954 751 1074 817 septimo
1094 753 1153 804 loeo
1173 753 1335 804 recensetur
1355 752 1387 804 in

272 839 370 890 tabula
386 837 476 892 Amri.
496 839 538 890 Ex
556 839 724 906 Abnlpheda
741 834 908 912 (Descript.
928 839 1029 906 Geogr.
1049 857 1072 894 c.
1088 836 1155 914 25.)
1178 843 1308 897 Dailama
1327 857 1388 894 eum

272 929 411 995 Ghilana,
431 929 641 995 Tahorestana,
663 933 692 981 et
710 929 918 983 Menanderana
936 932 1084 997 antiquam
1110 932 1283 997 Hyrcaniam
1305 948 1388 984 exae-

273 1021 348 1083 quat.
371 1019 515 1070 Dailamae
530 1021 559 1070 et
577 1019 696 1072 Gilanao
709 1035 758 1072 seu
770 1019 909 1072 Ghilanae
928 1037 1001 1073 nnus
1020 1022 1258 1087 Metropolitanus
1276 1022 1312 1075 ab
1333 1023 1388 1074 ini-

273 1109 314 1160 tio
333 1109 492 1174 praefectus
516 1109 574 1160 luit
592 1125 608 1161 a
627 1108 772 1162 Timotheo
791 1111 814 1162 Ι.
837 1111 1015 1178 Patriarcha,
1036 1111 1234 1165 Subhalisesus
1261 1112 1389 1177 scilicet,

273 1213 327 1263 quo
347 1213 364 1249 a
382 1197 512 1250 barbaris
530 1213 620 1266 caeso,
636 1198 688 1250 duo
707 1199 738 1250 in
752 1200 813 1266 ejus
832 1200 921 1252 locum
940 1200 1156 1266 Metropolitani
1176 1201 1210 1252 ab
1231 1201 1326 1253 eodem
1340 1201 1391 1252 'Pi-

273 1288 383 1340 motheo
411 1287 537 1341 ordinati
564 1288 681 1342 inerunt
699 1289 857 1356 Kardagus,
878 1290 1010 1342 nimirum
1030 1291 1160 1357 Gilanae,
1187 1294 1217 1344 et
1241 1291 1385 1344 Jabalaha

274 1379 428 1432 Dailamee.

341 1463 384 1542 (2)
397 1469 607 1523 Samarkanada
617 1469 782 1537 Metropolis
792 1471 1045 1524 Mevaralnaharae
1059 1471 1111 1524 hoc
1121 1474 1175 1537 est,
1186 1469 1390 1526 Transoxanae

274 1559 419 1628 Regionis,
434 1577 451 1612 a
469 1559 566 1613 fluviis
587 1560 720 1612 Gihonet
739 1560 827 1612 Sihon
843 1561 955 1626 aequali
974 1561 1033 1613 iere
1053 1561 1146 1627 spatio
1165 1561 1287 1626 distans,
1308 1561 1391 1628 cnjus

273 1651 460 1718 Episcopatus
471 1650 624 1702 institutus
635 1649 750 1702 videtur
758 1650 832 1703 cirea
842 1666 946 1704 annum
960 1650 1025 1704 Chr.
1036 1650 1098 1704 411.
1113 1653 1160 1704 vel
1173 1649 1235 1718 503,
1250 1653 1391 1716 metropo-

273 1739 363 1792 litioia
383 1755 450 1793 vero
463 1739 626 1806 privilegiis
640 1742 737 1792 auctus
749 1756 823 1792 anno
837 1741 898 1792 714.
914 1744 947 1793 ut
964 1741 1113 1805 colligitur
1126 1757 1161 1793 ex
1174 1741 1271 1794 verbis
1285 1740 1391 1793 Soban-

273 1829 314 1880 sis
334 1843 418 1896 snpra
436 1829 571 1892 allegatis
589 1823 633 1901 (α)
650 1830 717 1896 rite,
735 1829 766 1881 ni
788 1829 884 1895 fallor,
906 1830 958 1882 hoc
977 1845 1062 1882 sensu
1085 1830 1255 1884 intellectis.
1275 1831 1309 1881 In
1330 1831 1391 1895 epi-

274 1919 349 1970 stola
367 1917 518 1970 Theodosii
543 1918 727 1971 Patriarchaa
754 1918 859 1972 decimo
879 1923 981 1986 quarto
1000 1921 1059 1972 loco
1081 1921 1320 1988 Metropolitanus
1340 1919 1390 1971 Sa-

275 2006 445 2060 markandae
464 2007 589 2073 ponitur;
611 2007 642 2059 in
661 2008 759 2060 tabula
777 2007 857 2061 hmri
876 2007 981 2062 decimo
1000 2011 1108 2062 octavo.
1130 2009 1311 2063 Nouissimas
1323 2012 1391 2074 post

276 2097 455 2149 Christianos
469 2097 618 2150 Tartariae
631 2099 829 2165 Imperatores,
841 2099 999 2150 eorumdem
1010 2100 1192 2152 Tartarornm
1207 2099 1388 2152 vastationes

275 2203 375 2239 nomen
389 2187 589 2253 Christianum,
604 2188 635 2239 in
654 2188 708 2240 illa
726 2188 851 2255 regione,
867 2189 953 2258 sicuti
967 2191 996 2242 et
1007 2189 1038 2240 in
1052 2189 1158 2242 vicinis
1178 2188 1263 2241 terris
1278 2191 1308 2240 et
1320 2202 1388 2254 qno-

275 2291 389 2343 cumqne
408 2277 557 2330 irruerunt
573 2277 633 2330 tere
652 2278 819 2346 universim,
841 2279 955 2345 penitus
975 2279 1169 2332 extinxerunt.

345 2361 387 2438 (3)
406 2365 608 2433 Turehestana,
631 2366 683 2419 hoc
702 2369 755 2432 est,
771 2367 924 2419 'furcarum
946 2368 1035 2434 regio,
1049 2369 1133 2434 juxta
1146 2367 1300 2420 orientales
1320 2367 1389 2421 Geo-

275 2455 398 2522 graphos
416 2458 505 2508 totum
523 2454 605 2506 illum
624 2457 762 2506 terrarum
782 2458 902 2508 tractum
920 2455 1158 2522 comprehendens
1176 2457 1227 2523 qui
1245 2463 1290 2509 est
1308 2460 1392 2509 trans

275 2546 394 2599 fluvium
413 2545 510 2611 Sihon,
531 2559 580 2598 seu
598 2546 745 2598 Jaxartem
765 2561 854 2611 usque
873 2545 998 2598 adfines
1018 2545 1155 2614 Ohatajae
1175 2562 1223 2598 seu
1242 2547 1327 2600 Sinas
1343 2548 1392 2599 bo-

275 2635 363 2689 realis
382 2636 631 2702 Metropolitanum
645 2635 768 2687 hahebat
784 2636 930 2700 Kasgarac
943 2637 990 2688 vel
1003 2635 1121 2688 Kandae
1134 2635 1227 2688 sedem
1244 2636 1389 2703 figentem,

277 2727 327 2792 qui
339 2725 412 2792 apud
424 2724 546 2792 Amnum,
559 2725 637 2778 inter
649 2725 848 2792 Metropolitas
867 2724 1033 2791 chaldaeos,
1048 2725 1256 2780 undevicesimo
1274 2727 1335 2780 loco
1348 2741 1393 2780 re-

276 2818 417 2867 censetur.

347 2900 390 2980 (4)
403 2904 598 2971 Tachuristam
608 2906 696 2973 regio,
711 2921 793 2972 quam
806 2905 1005 2958 Pthclomaeus
1017 2905 1048 2956 in
1062 2905 1215 2959 Bactriana
1233 2906 1325 2972 ponit,
1337 2905 1394 2958 Me-

276 2996 480 3063 tropolitanum
500 2994 600 3046 hahuit
618 2994 649 3046 in
668 2995 766 3047 tabula
782 2993 861 3046 Amri
881 2993 1044 3046 vicesimum
1063 2993 1141 3046 inter
1155 2993 1415 3060 Metropolitanus,

276 3087 432 3140 Chaldaeos
443 3087 532 3138 locum
542 3087 731 3151 occupantem,
741 3085 826 3150 inque
837 3084 904 3136 urbe
914 3081 1019 3135 Balach
1033 3082 1196 3135 seuHalaeh
1206 3081 1393 3148 residentem,

277 3193 347 3245 quae
360 3179 395 3232 ab
408 3175 586 3243 Abulpheda,
602 3180 631 3226 et
649 3175 680 3226 in
699 3175 870 3226 monimento
890 3172 1150 3226 (lhaldaico-Sinico
1170 3174 1350 3225 memoratur.

346 3265 387 3340 (5)
418 3267 594 3320 Hierusalem
613 3264 685 3331 apud
704 3264 888 3316 Nestorianos
907 3263 1077 3329 episcopalis
1096 3264 1155 3316 init
1180 3277 1266 3329 usque
1286 3261 1322 3314 ad
1343 3278 1393 3314 an·

277 3372 343 3409 num
362 3356 440 3408 1200.
462 3355 514 3407 snb
532 3353 751 3420 Metropolitano
770 3351 899 3404 Damasei
918 3356 947 3404 et
965 3351 1082 3417 syriam
1105 3351 1207 3404 deinde
1225 3352 1393 3417 Metropoli-

277 3451 346 3499 tana
365 3449 394 3499 et
413 3446 486 3512 ipsa.
500 3444 653 3513 Jcsujabus
671 3443 908 3510 Archiepisoopus
927 3442 1206 3507 Hierosolymitanns
1226 3457 1299 3494 anno
1322 3443 1394 3494 1247

277 3536 313 3589 ab
331 3535 411 3603 Ara,
433 3536 463 3590 in
483 3535 616 3604 Epistola
640 3533 676 3588 ad
703 3533 902 3588 Innocentium
924 3534 974 3586 IV.
995 3528 1037 3606 (ὂ)
1055 3532 1198 3586 landatur.
1227 3530 1395 3585 Timotheus

706 3701 958 3716 mc„-

347 3801 389 3878 (⁰)
406 3805 462 3860 Ubi
481 3806 514 3860 de
532 3805 632 3860 Indiae
651 3805 880 3873 Metropolitanc.

348 3889 389 3968 (ὂ)
406 3896 485 3948 Hanc
498 3895 649 3962 epistolam
677 3909 784 3961 supra,
806 3908 855 3945 suo
874 3893 934 3945 loco
954 3891 1152 3956 allegavimus.
1173 3889 1339 3944 Addendnm
1359 3890 1392 3944 in

279 3983 374 4038 eadem
397 3983 483 4038 Aram
501 3984 645 4038 Vicarium
664 3983 848 4036 Patriarchae
867 3997 1020 4034 memorare
1044 3981 1129 4033 etiam
1152 3983 1181 4032 et
1199 3980 1396 4034 commendare

279 4075 446 4127 Latinorum
464 4074 610 4140 charitati,
625 4077 692 4126 tunc
710 4074 813 4126 Terrae
831 4075 946 4125 sanctae
962 4073 1021 4140 jam
1040 4071 1214 4138 potiiorum,
1235 4070 1395 4125 Chaldaeos

281 4179 346 4220 suos
360 4164 464 4217 iratres
485 4179 554 4233 quos
574 4163 754 4218 Christianos
773 4163 928 4217 orientales
953 4162 986 4216 de
1006 4177 1081 4216 more
1101 4165 1192 4228 vocat,
1213 4161 1394 4232 Antiochiae,
