3046 4756
752 177 956 245 -186-

292 303 378 376 seiri
400 301 485 386 filio,
504 306 619 369 ortum
639 299 763 370 habuit
785 301 940 370 haeresis
955 299 1238 372 Manichaeorum
1260 303 1299 372 in
1323 325 1410 372 com-

291 435 393 482 mune
415 408 560 478 humani
583 409 722 500 generis
737 408 879 478 malum.
897 408 1016 479 Manes
1032 407 1279 480 haeresiarcha
1294 434 1312 480 a
1329 411 1411 480 Per·

291 520 365 591 side
388 517 571 603 oriundus,
597 517 658 610 qui
681 517 843 608 proinde,
866 515 973 605 juxta
994 539 1114 605 usum,
1139 539 1162 586 a
1184 517 1221 588 S.
1238 519 1412 611 Epraemo

291 775 463 845 genitarum,
484 771 627 828 Persicum
654 772 834 852 instauravit
857 771 933 826 eirca
951 788 1054 826 annum
1073 772 1147 842 226,
1168 775 1214 828 cui
1232 777 1343 830 mortno
1363 792 1412 830 an·

290 882 327 921 uo
345 867 408 921 241.
428 865 564 919 suecessit
582 864 671 931 Sapor
688 864 712 917 Ι.
734 864 784 932 qui
801 863 969 928 ingentibus
998 865 1082 918 malis
1105 866 1246 919 Romanos
1264 867 1409 921 affecerat.

290 957 365 1010 Huic
382 957 578 1010 successerunt
595 954 647 1010 alii
665 968 754 1021 osque
773 952 809 1006 ad
822 952 954 1021 Saporem
966 954 1007 1007 11.
1026 957 1210 1020 cognomento
1227 956 1412 1022 Longaerum

290 1044 482 1100 Hormisdatis
502 1039 746 1114 filium,qui1quot
765 1043 843 1096 vixit
861 1043 896 1096 70
914 1059 1003 1096 annos
1022 1044 1165 1111 regnavit,
1180 1047 1209 1097 et
1226 1046 1262 1097 40
1281 1061 1412 1113 praeser-

290 1136 342 1190 tim
360 1134 471 1189 ultimis
495 1135 589 1200 Regni
611 1133 656 1186 sui
683 1133 778 1200 annia,
798 1133 914 1186 infinita
931 1149 1017 1202 prope
1036 1135 1193 1201 Martyrum
1213 1121 1410 1204 multitudine,

289 1227 321 1279 in
340 1228 400 1279 toto
419 1241 469 1278 suo
488 1224 620 1291 Imperio,
641 1224 796 1277 Ecclesiam
816 1222 945 1291 donavit,
966 1227 998 1276 ut
1017 1227 1098 1292 patet
1110 1220 1167 1278 non
1180 1226 1270 1278 solum
1283 1226 1412 1278 aertia

290 1315 453 1370 chaldaicis
465 1313 649 1368 auantiae
660 1313 835 1381 aliorumque
847 1312 1031 1380 Assyriorum
1040 1313 1205 1382 Arctorum,
1219 1330 1336 1381 quorum
1347 1332 1412 1384 par·

289 1409 346 1459 tem
364 1420 399 1458 ex
418 1403 626 1459 vetustissimis
645 1419 712 1456 mss.
723 1403 884 1470 publicarit
902 1404 938 1457 cl.
950 1403 993 1457 St.
1004 1403 1058 1458 Ev.
1069 1403 1190 1472 Assem,
1211 1405 1261 1458 sad
1281 1421 1316 1458 ex
1340 1407 1411 1460 aliis

289 1497 385 1562 etiam,
398 1511 469 1562 quae
489 1492 579 1548 adhuc
599 1494 739 1561 plurimas
758 1492 949 1548 adservantur
968 1496 1027 1547 tum
1045 1493 1077 1546 in
1098 1495 1165 1549 cod.
1180 1495 1280 1549 chald.
1298 1495 1410 1549 XVIII.

288 1585 372 1653 Borg.
383 1586 459 1638 Bibl.
471 1585 502 1638 0.
511 1586 545 1639 U.
555 1584 589 1637 de
599 1585 682 1651 Prop.
695 1583 774 1650 Fide,
790 1587 850 1636 tum
860 1583 892 1636 iu
904 1584 1024 1638 Bibliot.
1033 1584 1180 1639 Amidensi
1190 1585 1408 1653 Chaldaeorum,

289 1679 347 1728 tum
362 1675 393 1727 in
403 1677 499 1729 Museo
517 1672 693 1726 Britannico.
709 1671 838 1740 Idipsum
857 1675 970 1726 constat
987 1675 1127 1726 cumulate
1147 1689 1182 1727 ex
1201 1675 1410 1741 Martyrologio

289 1766 368 1818 Rom.
379 1765 513 1833 aliisque,
525 1764 651 1817 Menaeis
661 1763 785 1830 Graecis,
797 1762 905 1816 Sozom.
917 1763 953 1816 H.
965 1763 997 1816 E.
1010 1765 1064 1816 l.2.
1077 1765 1186 1832 ac.12.,
1198 1764 1367 1832 Hlaronym.
1378 1765 1410 1817 iu

289 1855 391 1908 (ihren.
414 1855 537 1921 aliisque
561 1853 760 1921 scriptoribus.
784 1852 916 1921 Saporem
936 1852 1039 1907 deinde
1066 1854 1174 1908 imitati
1194 1859 1263 1908 sunt
1282 1855 1408 1924 ejusdem

290 1960 463 1999 successores
482 1944 623 2012 imprimis
642 1943 795 1996 Bohramus
815 1957 864 1996 seu
883 1944 1046 1997 Vararanes
1065 1946 1095 1996 et
1112 1942 1310 2011 Jezdegerdes,
1322 1949 1356 1997 ut
1374 1959 1409 1996 ex

288 2033 390 2086 iisdem
406 2033 505 2087 citatis
520 2031 694 2086 documentis
706 2031 808 2098 liquet.
829 2032 930 2098 Itaque
949 2032 1080 2099 quamvis
1095 2047 1152 2085 nou
1165 2031 1268 2086 desunt
1279 2034 1411 2100 exempla
1504 2083 1505 2094 ,

288 2125 471 2179 vexationum
483 2126 513 2176 et
525 2121 696 2176 occisionum
707 2120 937 2174 Christianorum
946 2121 978 2173 in
989 2122 1086 2186 Regno
1097 2121 1213 2188 Saporis
1223 2121 1309 2190 hujus
1319 2116 1410 2196 11.(u)

288 2217 356 2267 anto
374 2229 420 2266 an.
437 2213 503 2267 Chr.
519 2213 582 2264 330.
602 2206 655 2285 (⁶),
676 2215 803 2264 attamen
822 2213 855 2264 ut
873 2210 1026 2278 plurImum
1047 2211 1172 2279 quietam
1191 2211 1333 2266 ducebant
1353 2213 1410 2266 ibi·
1504 2209 1505 2236 ¹

287 2303 349 2357 dem
366 2302 465 2358 fideles
483 2304 584 2370 vitam,
597 2302 765 2370 praesertim
776 2302 854 2369 pacis
873 2317 934 2355 eum
952 2303 1098 2370 Romanis,
1111 2307 1141 2356 et
1159 2303 1346 2356 Constantini
1364 2318 1407 2356 re·

287 2392 435 2446 versutiae
454 2391 558 2458 gratia,
572 2390 622 2458 qui
641 2390 764 2444 omnium
778 2389 1012 2443 Christicolarum
1031 2405 1125 2444 curam
1144 2405 1245 2456 gerens
1263 2406 1319 2443 non
1340 2391 1409 2443 omi·

288 2481 329 2533 ait
348 2496 394 2534 eos
413 2481 462 2550 qui
480 2480 554 2550 apud
572 2481 713 2534 Barbaros
733 2479 882 2548 degebant,
903 2495 954 2548 pro
974 2480 1079 2548 quibus
1097 2479 1337 2548 commendandis,
1359 2497 1408 2533 an-

286 2587 323 2625 no
335 2571 397 2624 333.
412 2571 537 2638 «Quum,
559 2571 701 2638 nimirum,
715 2569 790 2638 apud
808 2571 910 2624 Persas
929 2571 1043 2625 crebras
1058 2587 1119 2624 esse
1131 2571 1274 2625 Ecclesiae
1287 2572 1411 2638 accepis·

287 2655 391 2735 set(⁶),
404 2661 522 2728 scripsit
539 2659 575 2714 ad
594 2661 727 2729 Saporem
744 2660 903 2727 Epistolam
915 2660 947 2713 in
961 2677 1018 2729 qua
1035 2661 1150 2714 dicit-
1166 2661 1305 2726 «Quanta
1324 2663 1407 2716 volu-

287 2753 420 2818 ptateme
432 2750 508 2804 affici
526 2766 623 2805 canses
643 2767 727 2818 quum
746 2749 829 2803 audio
847 2748 887 2817 id,
904 2750 977 2818 quod
996 2751 1067 2805 mihi
1080 2751 1200 2804 maxIme
1212 2752 1244 2804 in
1257 2751 1335 2806 rotis
1349 2754 1407 2820 ast,

286 2841 385 2894 horum
396 2841 541 2893 hominum
559 2837 851 2907 MULEI'IUDINEM,
873 2840 1103 2894 Christianorum
1116 2842 1236 2908 scilicet,
1248 2841 1282 2894 de
1301 2842 1407 2909 quibus
1503 2833 1504 2842 ’

288 2931 419 2985 omnibus
430 2931 502 2983 mihi
522 2945 621 2998 sermo,
638 2929 873 2986 uonrnrssms
885 2928 931 2983 ΕΤ
942 2928 1308 2996 Parusa1sousuuun
1325 2933 1410 2985 PER·

286 3019 381 3074 SIDIS
399 3018 492 3074 noel
501 3021 622 3075 LONGE
635 3018 804 3083 LAI'EQUE
822 3019 910 3075 ESSE
929 3018 1179 3075 nucoalrne...
1194 3021 1260 3074 'Iibi
1273 3022 1334 3089 Ego
1352 3023 1407 3077 bos

286 3110 440 3180 committo,
451 3110 562 3165 eosdem
571 3110 603 3164 in
613 3126 713 3164 manus
723 3109 816 3164 trado.
829 3131 842 3159 n
854 3141 885 3154 -
896 3111 1024 3165 Getarum
1034 3111 1070 3164 ad
1079 3111 1231 3166 historiam
1245 3114 1407 3180 Martyrum

286 3204 447 3255 nostratum
458 3201 531 3269 quod
553 3204 671 3269 spectat,
688 3202 831 3267 congestis
850 3200 977 3268 undique
996 3217 1068 3268 quaa
1081 3202 1111 3254 in
1126 3200 1213 3254 dictis
1233 3217 1300 3256 mss.
1320 3201 1406 3256 (thal-

286 3291 376 3345 daieia
396 3291 542 3345 recondita
559 3295 627 3346 sunt
646 3289 737 3359 Actis,
758 3306 874 3359 cumque
895 3291 955 3360 jam
975 3306 993 3344 a
1011 3291 1126 3346 laudato
1145 3288 1229 3346 Illnio
1246 3291 1406 3360 Apamaeae
1502 3363 1503 3366 Ἴ

284 3381 504 3451 Archiepiscopo
514 3382 602 3436 editis
616 3382 718 3449 unitis,
732 3382 850 3448 grandis
861 3384 891 3435 et
900 3373 1066 3450 complutici
1078 3382 1233 3436 haberetur
1244 3383 1407 3449 Martyrum

285 3472 475 3527 Orientalium
492 3472 613 3528 Actuum
631 3472 779 3540 Collectim
800 3472 872 3540 quod
891 3473 922 3527 in
942 3471 1019 3528 rotis
1032 3472 1104 3526 mihi
1118 3470 1406 3542 dudum-etapprimo

285 3561 409 3630 positum
424 3565 478 3617 est.

710 3691 962 3705 m

355 3782 400 3860 (α)
417 3787 505 3856 (iujos
530 3786 573 3839 rei
596 3784 667 3839 Acta
687 3784 781 3839 chald.
803 3786 929 3851 geroius
947 3787 1066 3840 exstant
1087 3785 1139 3840 sub
1161 3799 1236 3840 anno
1255 3784 1280 3836 9.
1305 3787 1335 3838 et
1358 3785 1403 3838 18.

285 3877 453 3943 praesertim
472 3875 589 3943 Saporis
609 3875 705 3944 hujus.
1253 3877 1257 3886 '

354 3961 397 4036 (ὓ)
415 3966 470 4030 Qui
488 3980 580 4019 annos
598 3965 703 4019 incidit
721 3965 753 4018 in
771 3965 816 4017 31.
837 3963 953 4033 Saporis
965 3965 1122 4033 longaevi,
1136 3967 1262 4019 attamen
1275 3965 1328 4019 alii
1340 3980 1405 4020 cen·
1501 3977 1502 4043 l

285 4057 350 4106 sent
368 4069 416 4107 an.
430 4055 476 4110 31.
490 4054 606 4122 Saporis
624 4054 656 4107 in
675 4054 736 4108 340.
758 4053 870 4107 christi
887 4053 1024 4109 incidere.

355 4139 394 4216 (⁶)
412 4145 451 4199 Ut
468 4143 559 4199 refert
576 4143 716 4198 Euathlus
734 4143 766 4198 iu
785 4143 855 4199 Vita
874 4143 998 4216 ejusdem
1017 4143 1212 4212 constantini,
1228 4143 1280 4199 lib.
1293 4142 1321 4195 4.
1337 4158 1362 4198 c.
1374 4145 1402 4198 8.

285 4234 316 4286 et
332 4232 522 4289 'Iheodoritus
539 4233 571 4289 ln
588 4235 624 4289 11.
636 4234 670 4290 E.
684 4233 838 4290 1.1.c.ua.
