<?xml version="1.0" encoding="UTF-8"?>
<!DOCTYPE html PUBLIC "-//W3C//DTD XHTML 1.0 Transitional//EN"
    "http://www.w3.org/TR/xhtml1/DTD/xhtml1-transitional.dtd">
<html xmlns="http://www.w3.org/1999/xhtml" xml:lang="en" lang="en">
 <head>
  <title>
</title>
<meta http-equiv="Content-Type" content="text/html;charset=utf-8" />
  <meta name='ocr-system' content='tesseract 3.04.00' />
  <meta name='ocr-capabilities' content='ocr_page ocr_carea ocr_par ocr_line ocrx_word'/>
</head>
<body>
  <div class='ocr_page' id='page_1' title='image "./syriorientaless00khaygoog_0076.png"; bbox 0 0 3056 4756; ppageno 0'>
   <div class='ocr_carea' id='block_1_1' title="bbox 619 187 798 254">
    <p class='ocr_par' dir='ltr' id='par_1_1' title="bbox 619 187 798 254">
     <span class='ocr_line' id='line_1_1' title="bbox 619 187 798 254; baseline 0.011 -14"><span class='ocrx_word' id='word_1_1' title='bbox 619 187 798 254; x_wconf 78' lang='grc'>..55-</span> 
     </span>
    </p>
   </div>
   <div class='ocr_carea' id='block_1_2' title="bbox 145 308 1356 1916">
    <p class='ocr_par' dir='ltr' id='par_1_2' title="bbox 145 308 1356 1916">
     <span class='ocr_line' id='line_1_2' title="bbox 147 308 1266 406; baseline 0.006 -30"><span class='ocrx_word' id='word_1_2' title='bbox 147 308 287 379; x_wconf 85' lang='lat' dir='ltr'><strong>lumnas</strong></span> <span class='ocrx_word' id='word_1_3' title='bbox 310 311 347 381; x_wconf 91' lang='lat' dir='ltr'><strong>in</strong></span> <span class='ocrx_word' id='word_1_4' title='bbox 370 311 487 381; x_wconf 87' lang='lat' dir='ltr'><strong>eadem</strong></span> <span class='ocrx_word' id='word_1_5' title='bbox 510 313 654 402; x_wconf 84' lang='lat' dir='ltr'><strong>positas,</strong></span> <span class='ocrx_word' id='word_1_6' title='bbox 673 315 828 400; x_wconf 91' lang='lat' dir='ltr'><strong>Petrum,</strong></span> <span class='ocrx_word' id='word_1_7' title='bbox 847 315 1001 406; x_wconf 85' lang='lat' dir='ltr'><strong>inquam,</strong></span> <span class='ocrx_word' id='word_1_8' title='bbox 1019 315 1266 406; x_wconf 74' lang='lat' dir='ltr'><strong>Apostolorum</strong></span> 
     </span>
     <span class='ocr_line' id='line_1_3' title="bbox 150 411 1356 516; baseline 0.003 -32"><span class='ocrx_word' id='word_1_9' title='bbox 150 417 348 510; x_wconf 80' lang='lat' dir='ltr'><strong>Principem</strong></span> <span class='ocrx_word' id='word_1_10' title='bbox 372 425 409 488; x_wconf 88' lang='lat' dir='ltr'><strong>et</strong></span> <span class='ocrx_word' id='word_1_11' title='bbox 430 419 579 488; x_wconf 86' lang='lat' dir='ltr'><strong>Paulum</strong></span> <span class='ocrx_word' id='word_1_12' title='bbox 597 421 779 490; x_wconf 83' lang='lat' dir='ltr'><strong>Ductorem</strong></span> <span class='ocrx_word' id='word_1_13' title='bbox 802 422 972 512; x_wconf 83' lang='lat' dir='ltr'><strong>gentium:</strong></span> <span class='ocrx_word' id='word_1_14' title='bbox 999 411 1077 510; x_wconf 80' lang='lat' dir='ltr'><strong>ipso</strong></span> <span class='ocrx_word' id='word_1_15' title='bbox 1100 437 1148 490; x_wconf 79' lang='lat' dir='ltr'><strong>ert</strong></span> <span class='ocrx_word' id='word_1_16' title='bbox 1171 421 1268 491; x_wconf 77' lang='lat' dir='ltr'><strong>Sedes</strong></span> <span class='ocrx_word' id='word_1_17' title='bbox 1354 511 1356 516; x_wconf 23' lang='grc' dir='ltr'>Ι</span> 
     </span>
     <span class='ocr_line' id='line_1_4' title="bbox 145 529 1269 616; baseline 0.006 -26"><span class='ocrx_word' id='word_1_18' title='bbox 145 531 264 614; x_wconf 79' lang='lat' dir='ltr'><strong>primo</strong></span> <span class='ocrx_word' id='word_1_19' title='bbox 301 541 333 592; x_wconf 82' lang='lat' dir='ltr'><strong>et</strong></span> <span class='ocrx_word' id='word_1_20' title='bbox 368 543 471 616; x_wconf 70' lang='lat' dir='ltr'><strong>oopus</strong></span> <span class='ocrx_word' id='word_1_21' title='bbox 501 529 799 598; x_wconf 82' lang='lat' dir='ltr'><strong>Potriorobarom.</strong></span> <span class='ocrx_word' id='word_1_22' title='bbox 835 529 939 598; x_wconf 85' lang='lat' dir='ltr'><strong>Sedes</strong></span> <span class='ocrx_word' id='word_1_23' title='bbox 970 535 1088 599; x_wconf 89' lang='lat' dir='ltr'><strong>autem</strong></span> <span class='ocrx_word' id='word_1_24' title='bbox 1119 529 1269 599; x_wconf 83' lang='lat' dir='ltr'><strong>seeundo</strong></span> 
     </span>
     <span class='ocr_line' id='line_1_5' title="bbox 150 635 1271 707; baseline 0.002 -6"><span class='ocrx_word' id='word_1_25' title='bbox 150 635 370 704; x_wconf 80' lang='lat' dir='ltr'><strong>Alexandria</strong></span> <span class='ocrx_word' id='word_1_26' title='bbox 394 641 447 706; x_wconf 88' lang='lat' dir='ltr'><strong>est</strong></span> <span class='ocrx_word' id='word_1_27' title='bbox 516 635 630 705; x_wconf 79' lang='lat' dir='ltr'><strong>Oooso</strong></span> <span class='ocrx_word' id='word_1_28' title='bbox 651 661 726 704; x_wconf 84' lang='lat' dir='ltr'><strong>oero</strong></span> <span class='ocrx_word' id='word_1_29' title='bbox 751 637 964 707; x_wconf 81' lang='lat' dir='ltr'><em>PROPRIA</em></span> <span class='ocrx_word' id='word_1_30' title='bbox 994 653 1042 704; x_wconf 77' lang='lat' dir='ltr'><strong>est</strong></span> <span class='ocrx_word' id='word_1_31' title='bbox 1069 638 1271 705; x_wconf 68' lang='lat' dir='ltr'><strong>excellentia</strong></span> 
     </span>
     <span class='ocr_line' id='line_1_6' title="bbox 152 743 1272 836; baseline 0.001 -26"><span class='ocrx_word' id='word_1_32' title='bbox 152 743 394 834; x_wconf 74' lang='lat' dir='ltr'><strong>Apostolorum</strong></span> <span class='ocrx_word' id='word_1_33' title='bbox 408 744 470 836; x_wconf 87' lang='lat' dir='ltr'><strong>qui</strong></span> <span class='ocrx_word' id='word_1_34' title='bbox 486 744 636 814; x_wconf 84' lang='lat' dir='ltr'><strong>istarum</strong></span> <span class='ocrx_word' id='word_1_35' title='bbox 652 745 794 815; x_wconf 84' lang='lat' dir='ltr'><strong>Sedium</strong></span> <span class='ocrx_word' id='word_1_36' title='bbox 811 747 956 816; x_wconf 85' lang='lat' dir='ltr'><strong>fuerunt</strong></span> <span class='ocrx_word' id='word_1_37' title='bbox 968 746 1155 813; x_wconf 79' lang='lat' dir='ltr'><strong>conditores</strong></span> <span class='ocrx_word' id='word_1_38' title='bbox 1162 760 1272 836; x_wconf 75' lang='lat' dir='ltr'><strong>,atque</strong></span> 
     </span>
     <span class='ocr_line' id='line_1_7' title="bbox 153 853 1271 942; baseline 0.003 -24"><span class='ocrx_word' id='word_1_39' title='bbox 153 865 337 918; x_wconf 75' lang='lat' dir='ltr'><strong>erectores:</strong></span> <span class='ocrx_word' id='word_1_40' title='bbox 362 853 531 936; x_wconf 77' lang='lat' dir='ltr'><strong>Simonis,</strong></span> <span class='ocrx_word' id='word_1_41' title='bbox 555 853 740 939; x_wconf 89' lang='lat' dir='ltr'><strong>nimirum,</strong></span> <span class='ocrx_word' id='word_1_42' title='bbox 767 854 914 936; x_wconf 80' lang='lat' dir='ltr'><strong>Petrae,</strong></span> <span class='ocrx_word' id='word_1_43' title='bbox 942 853 1054 923; x_wconf 83' lang='lat' dir='ltr'><strong>Marci</strong></span> <span class='ocrx_word' id='word_1_44' title='bbox 1081 853 1271 942; x_wconf 79' lang='lat' dir='ltr'><strong>Evangeli-</strong></span> 
     </span>
     <span class='ocr_line' id='line_1_8' title="bbox 152 959 1271 1049; baseline 0.003 -24"><span class='ocrx_word' id='word_1_45' title='bbox 152 963 228 1026; x_wconf 87' lang='lat' dir='ltr'><strong>stae</strong></span> <span class='ocrx_word' id='word_1_46' title='bbox 250 962 349 1028; x_wconf 88' lang='lat' dir='ltr'><strong>eto...</strong></span> <span class='ocrx_word' id='word_1_47' title='bbox 369 960 426 1028; x_wconf 93' lang='lat' dir='ltr'><strong>Ad</strong></span> <span class='ocrx_word' id='word_1_48' title='bbox 448 959 557 1049; x_wconf 88' lang='lat' dir='ltr'><strong>hujus</strong></span> <span class='ocrx_word' id='word_1_49' title='bbox 579 983 661 1031; x_wconf 90' lang='lat' dir='ltr'><strong>vero</strong></span> <span class='ocrx_word' id='word_1_50' title='bbox 685 961 736 1029; x_wconf 91' lang='lat' dir='ltr'><strong>rei</strong></span> <span class='ocrx_word' id='word_1_51' title='bbox 760 961 1085 1030; x_wconf 81' lang='lat' dir='ltr'><strong>demonstrationem</strong></span> <span class='ocrx_word' id='word_1_52' title='bbox 1108 969 1143 1030; x_wconf 93' lang='lat' dir='ltr'><strong>et</strong></span> <span class='ocrx_word' id='word_1_53' title='bbox 1165 960 1271 1028; x_wconf 90' lang='lat' dir='ltr'><strong>eluoi-</strong></span> 
     </span>
     <span class='ocr_line' id='line_1_9' title="bbox 153 1067 1272 1162; baseline -0.002 -25"><span class='ocrx_word' id='word_1_54' title='bbox 153 1067 311 1137; x_wconf 82' lang='lat' dir='ltr'><strong>dationes</strong></span> <span class='ocrx_word' id='word_1_55' title='bbox 335 1073 430 1138; x_wconf 89' lang='lat' dir='ltr'><strong>stent</strong></span> <span class='ocrx_word' id='word_1_56' title='bbox 454 1069 608 1139; x_wconf 80' lang='lat' dir='ltr'><strong>Oenones</strong></span> <span class='ocrx_word' id='word_1_57' title='bbox 641 1070 872 1139; x_wconf 87' lang='lat' dir='ltr'><strong>oooidentales</strong></span> <span class='ocrx_word' id='word_1_58' title='bbox 896 1070 1127 1162; x_wconf 87' lang='lat' dir='ltr'><strong>(sequentes):</strong></span> <span class='ocrx_word' id='word_1_59' title='bbox 1155 1068 1272 1137; x_wconf 81' lang='lat' dir='ltr'><strong>Canon</strong></span> 
     </span>
     <span class='ocr_line' id='line_1_10' title="bbox 154 1177 1272 1268; baseline 0 -24"><span class='ocrx_word' id='word_1_60' title='bbox 154 1177 450 1247; x_wconf 78' lang='lat' dir='ltr'><strong>oecumenicorum</strong></span> <span class='ocrx_word' id='word_1_61' title='bbox 473 1177 721 1264; x_wconf 80' lang='lat' dir='ltr'><strong>(Conciliorum</strong></span> <span class='ocrx_word' id='word_1_62' title='bbox 744 1180 880 1268; x_wconf 86' lang='lat' dir='ltr'><strong>nempe)</strong></span> <span class='ocrx_word' id='word_1_63' title='bbox 897 1178 947 1266; x_wconf 89' lang='lat'><strong>(1)</strong></span> <span class='ocrx_word' id='word_1_64' title='bbox 966 1179 1133 1247; x_wconf 79' lang='lat' dir='ltr'><strong>a-faeta</strong></span> <span class='ocrx_word' id='word_1_65' title='bbox 1147 1189 1201 1246; x_wconf 86' lang='lat' dir='ltr'><strong>est</strong></span> <span class='ocrx_word' id='word_1_66' title='bbox 1213 1199 1272 1245; x_wconf 89' lang='lat' dir='ltr'><strong>vo·</strong></span> 
     </span>
     <span class='ocr_line' id='line_1_11' title="bbox 152 1284 1273 1378; baseline 0.002 -26"><span class='ocrx_word' id='word_1_67' title='bbox 152 1284 274 1354; x_wconf 89' lang='lat' dir='ltr'><strong>luntas</strong></span> <span class='ocrx_word' id='word_1_68' title='bbox 291 1285 432 1376; x_wconf 84' lang='lat' dir='ltr'><strong>Synodo</strong></span> <span class='ocrx_word' id='word_1_69' title='bbox 455 1287 704 1373; x_wconf 83' lang='lat' dir='ltr'><strong>oecumenioae,</strong></span> <span class='ocrx_word' id='word_1_70' title='bbox 723 1291 766 1355; x_wconf 90' lang='lat' dir='ltr'><strong>ut</strong></span> <span class='ocrx_word' id='word_1_71' title='bbox 784 1292 935 1378; x_wconf 86' lang='lat' dir='ltr'><strong>quatuor</strong></span> <span class='ocrx_word' id='word_1_72' title='bbox 954 1285 1180 1356; x_wconf 85' lang='lat' dir='ltr'><strong>Patriarohae</strong></span> <span class='ocrx_word' id='word_1_73' title='bbox 1200 1285 1273 1354; x_wconf 90' lang='lat' dir='ltr'><strong>sint</strong></span> 
     </span>
     <span class='ocr_line' id='line_1_12' title="bbox 153 1392 1274 1487; baseline 0.001 -26"><span class='ocrx_word' id='word_1_74' title='bbox 153 1392 192 1461; x_wconf 90' lang='lat' dir='ltr'><strong>in</strong></span> <span class='ocrx_word' id='word_1_75' title='bbox 215 1399 289 1462; x_wconf 90' lang='lat' dir='ltr'><strong>toto</strong></span> <span class='ocrx_word' id='word_1_76' title='bbox 313 1393 458 1463; x_wconf 81' lang='lat' dir='ltr'><strong>Orbe...</strong></span> <span class='ocrx_word' id='word_1_77' title='bbox 486 1401 522 1462; x_wconf 88' lang='lat' dir='ltr'><strong>et</strong></span> <span class='ocrx_word' id='word_1_78' title='bbox 544 1395 593 1464; x_wconf 87' lang='lat' dir='ltr'><strong>sit</strong></span> <span class='ocrx_word' id='word_1_79' title='bbox 616 1400 722 1484; x_wconf 85' lang='lat' dir='ltr'><strong>eaput</strong></span> <span class='ocrx_word' id='word_1_80' title='bbox 744 1395 817 1480; x_wconf 92' lang='lat' dir='ltr'><strong>ille,</strong></span> <span class='ocrx_word' id='word_1_81' title='bbox 840 1394 900 1487; x_wconf 92' lang='lat' dir='ltr'><strong>qui</strong></span> <span class='ocrx_word' id='word_1_82' title='bbox 926 1396 1054 1465; x_wconf 83' lang='lat' dir='ltr'><strong>Romae</strong></span> <span class='ocrx_word' id='word_1_83' title='bbox 1081 1401 1146 1480; x_wconf 87' lang='lat' dir='ltr'><strong>est,</strong></span> <span class='ocrx_word' id='word_1_84' title='bbox 1169 1393 1274 1482; x_wconf 86' lang='lat' dir='ltr'><strong>juxta</strong></span> 
     </span>
     <span class='ocr_line' id='line_1_13' title="bbox 154 1501 1274 1596; baseline 0.001 -28"><span class='ocrx_word' id='word_1_85' title='bbox 154 1503 358 1571; x_wconf 85' lang='lat' dir='ltr'><strong>mandatum</strong></span> <span class='ocrx_word' id='word_1_86' title='bbox 380 1503 645 1593; x_wconf 86' lang='lat' dir='ltr'><strong>Apostolorum,</strong></span> <span class='ocrx_word' id='word_1_87' title='bbox 672 1505 763 1596; x_wconf 90' lang='lat' dir='ltr'><strong>quod</strong></span> <span class='ocrx_word' id='word_1_88' title='bbox 786 1504 824 1572; x_wconf 91' lang='lat' dir='ltr'><strong>in</strong></span> <span class='ocrx_word' id='word_1_89' title='bbox 848 1504 921 1574; x_wconf 86' lang='lat' dir='ltr'><strong>s&#39;uis</strong></span> <span class='ocrx_word' id='word_1_90' title='bbox 949 1503 1137 1572; x_wconf 79' lang='lat' dir='ltr'><strong>canonibus</strong></span> <span class='ocrx_word' id='word_1_91' title='bbox 1160 1501 1274 1570; x_wconf 88' lang='lat' dir='ltr'><strong>deere-</strong></span> 
     </span>
     <span class='ocr_line' id='line_1_14' title="bbox 155 1611 1274 1704; baseline -0.004 -23"><span class='ocrx_word' id='word_1_92' title='bbox 155 1618 295 1681; x_wconf 83' lang='lat' dir='ltr'><strong>verunt.</strong></span> <span class='ocrx_word' id='word_1_93' title='bbox 327 1612 412 1681; x_wconf 89' lang='lat' dir='ltr'><strong>Post</strong></span> <span class='ocrx_word' id='word_1_94' title='bbox 434 1612 548 1698; x_wconf 91' lang='lat' dir='ltr'><strong>illum,</strong></span> <span class='ocrx_word' id='word_1_95' title='bbox 573 1613 647 1698; x_wconf 88' lang='lat' dir='ltr'><strong>ille,</strong></span> <span class='ocrx_word' id='word_1_96' title='bbox 674 1613 735 1704; x_wconf 89' lang='lat' dir='ltr'><strong>qui</strong></span> <span class='ocrx_word' id='word_1_97' title='bbox 756 1613 994 1681; x_wconf 85' lang='lat' dir='ltr'><strong>Alexandriae</strong></span> <span class='ocrx_word' id='word_1_98' title='bbox 1070 1611 1131 1704; x_wconf 91' lang='lat' dir='ltr'><strong>qui</strong></span> <span class='ocrx_word' id='word_1_99' title='bbox 1157 1615 1274 1679; x_wconf 86' lang='lat' dir='ltr'><strong>autem</strong></span> 
     </span>
     <span class='ocr_line' id='line_1_15' title="bbox 155 1717 1274 1812; baseline 0 -26"><span class='ocrx_word' id='word_1_100' title='bbox 155 1721 420 1809; x_wconf 83' lang='lat' dir='ltr'><strong>transgreditur</strong></span> <span class='ocrx_word' id='word_1_101' title='bbox 442 1720 538 1805; x_wconf 86' lang='lat' dir='ltr'><strong>haee,</strong></span> <span class='ocrx_word' id='word_1_102' title='bbox 554 1722 619 1790; x_wconf 89' lang='lat' dir='ltr'><strong>sub</strong></span> <span class='ocrx_word' id='word_1_103' title='bbox 642 1722 862 1791; x_wconf 83' lang='lat' dir='ltr'><strong>anathemate</strong></span> <span class='ocrx_word' id='word_1_104' title='bbox 878 1720 978 1812; x_wconf 88' lang='lat' dir='ltr'><strong>ponit</strong></span> <span class='ocrx_word' id='word_1_105' title='bbox 995 1720 1097 1788; x_wconf 91' lang='lat' dir='ltr'><strong>illum</strong></span> <span class='ocrx_word' id='word_1_106' title='bbox 1111 1717 1274 1809; x_wconf 84' lang='lat' dir='ltr'><strong>Synodus</strong></span> 
     </span>
     <span class='ocr_line' id='line_1_16' title="bbox 156 1829 550 1916; baseline -0.008 -20"><span class='ocrx_word' id='word_1_107' title='bbox 156 1829 374 1898; x_wconf 82' lang='lat' dir='ltr'><strong>oecumenica</strong></span> <span class='ocrx_word' id='word_1_108' title='bbox 396 1829 459 1916; x_wconf 80' lang='lat'>(2).</span> <span class='ocrx_word' id='word_1_109' title='bbox 474 1870 517 1881; x_wconf 93' lang='lat'><em>-</em></span> <span class='ocrx_word' id='word_1_110' title='bbox 535 1857 550 1893; x_wconf 80' lang='lat' dir='ltr'><em>n</em></span> 
     </span>
    </p>
   </div>
   <div class='ocr_carea' id='block_1_3' title="bbox 140 2024 1337 3452">
    <p class='ocr_par' dir='ltr' id='par_1_3' title="bbox 156 2024 1277 2188">
     <span class='ocr_line' id='line_1_17' title="bbox 228 2024 1277 2104; baseline 0.004 -23"><span class='ocrx_word' id='word_1_111' title='bbox 228 2024 273 2104; x_wconf 89' lang='lat'><strong>(1)</strong></span> <span class='ocrx_word' id='word_1_112' title='bbox 291 2030 351 2083; x_wconf 88' lang='lat' dir='ltr'><strong>Hoo</strong></span> <span class='ocrx_word' id='word_1_113' title='bbox 369 2032 457 2084; x_wconf 83' lang='lat' dir='ltr'><strong>titulo</strong></span> <span class='ocrx_word' id='word_1_114' title='bbox 475 2031 621 2096; x_wconf 82' lang='lat' dir='ltr'><strong>intelligit</strong></span> <span class='ocrx_word' id='word_1_115' title='bbox 640 2032 745 2101; x_wconf 87' lang='lat' dir='ltr'><strong>ubique</strong></span> <span class='ocrx_word' id='word_1_116' title='bbox 764 2031 903 2086; x_wconf 83' lang='lat' dir='ltr'><strong>Niosenos</strong></span> <span class='ocrx_word' id='word_1_117' title='bbox 923 2031 1060 2100; x_wconf 76' lang='lat' dir='ltr'><strong>canonos,</strong></span> <span class='ocrx_word' id='word_1_118' title='bbox 1081 2048 1132 2085; x_wconf 89' lang='lat' dir='ltr'><strong>neo</strong></span> <span class='ocrx_word' id='word_1_119' title='bbox 1151 2043 1208 2086; x_wconf 84' lang='lat' dir='ltr'><strong>non</strong></span> <span class='ocrx_word' id='word_1_120' title='bbox 1228 2033 1277 2099; x_wconf 89' lang='lat' dir='ltr'><strong>qui</strong></span> 
     </span>
     <span class='ocr_line' id='line_1_18' title="bbox 156 2119 1274 2188; baseline 0.001 -16"><span class='ocrx_word' id='word_1_121' title='bbox 156 2121 202 2172; x_wconf 88' lang='lat' dir='ltr'><strong>uti</strong></span> <span class='ocrx_word' id='word_1_122' title='bbox 216 2121 291 2173; x_wconf 83' lang='lat' dir='ltr'><strong>tales</strong></span> <span class='ocrx_word' id='word_1_123' title='bbox 304 2119 447 2172; x_wconf 88' lang='lat' dir='ltr'><strong>habentur</strong></span> <span class='ocrx_word' id='word_1_124' title='bbox 460 2120 495 2173; x_wconf 84' lang='lat' dir='ltr'><strong>ab</strong></span> <span class='ocrx_word' id='word_1_125' title='bbox 513 2119 719 2188; x_wconf 88' lang='lat' dir='ltr'><strong>Orientalibus,</strong></span> <span class='ocrx_word' id='word_1_126' title='bbox 734 2124 767 2173; x_wconf 90' lang='lat' dir='ltr'><strong>ut</strong></span> <span class='ocrx_word' id='word_1_127' title='bbox 786 2120 916 2187; x_wconf 86' lang='lat' dir='ltr'><strong>superius</strong></span> <span class='ocrx_word' id='word_1_128' title='bbox 935 2119 1073 2175; x_wconf 83' lang='lat' dir='ltr'><strong>adnotavi</strong></span> <span class='ocrx_word' id='word_1_129' title='bbox 1087 2119 1120 2172; x_wconf 90' lang='lat' dir='ltr'><strong>de</strong></span> <span class='ocrx_word' id='word_1_130' title='bbox 1133 2120 1274 2174; x_wconf 81' lang='lat' dir='ltr'><strong>Arabicis.</strong></span> 
     </span>
    </p>

    <p class='ocr_par' dir='ltr' id='par_1_4' title="bbox 156 2203 1337 2459">
     <span class='ocr_line' id='line_1_19' title="bbox 228 2203 1277 2283; baseline 0 -21"><span class='ocrx_word' id='word_1_131' title='bbox 228 2203 274 2283; x_wconf 80' lang='lat'><strong>(2)</strong></span> <span class='ocrx_word' id='word_1_132' title='bbox 291 2211 345 2263; x_wconf 89' lang='lat' dir='ltr'><strong>Hie</strong></span> <span class='ocrx_word' id='word_1_133' title='bbox 363 2210 469 2278; x_wconf 74' lang='lat' dir='ltr'><strong>dauon,</strong></span> <span class='ocrx_word' id='word_1_134' title='bbox 490 2213 525 2263; x_wconf 89' lang='lat' dir='ltr'><strong>ut</strong></span> <span class='ocrx_word' id='word_1_135' title='bbox 544 2212 647 2278; x_wconf 76' lang='lat' dir='ltr'><strong>cernis,</strong></span> <span class='ocrx_word' id='word_1_136' title='bbox 669 2212 831 2278; x_wconf 86' lang='lat' dir='ltr'><strong>ipsissimus</strong></span> <span class='ocrx_word' id='word_1_137' title='bbox 850 2213 896 2263; x_wconf 87' lang='lat' dir='ltr'><strong>est</strong></span> <span class='ocrx_word' id='word_1_138' title='bbox 913 2211 975 2278; x_wconf 91' lang='lat' dir='ltr'><strong>ille,</strong></span> <span class='ocrx_word' id='word_1_139' title='bbox 998 2226 1079 2278; x_wconf 88' lang='lat' dir='ltr'><strong>quem</strong></span> <span class='ocrx_word' id='word_1_140' title='bbox 1097 2210 1218 2264; x_wconf 81' lang='lat' dir='ltr'><strong>Arabiae</strong></span> <span class='ocrx_word' id='word_1_141' title='bbox 1232 2225 1277 2262; x_wconf 83' lang='lat' dir='ltr'><strong>su·</strong></span> 
     </span>
     <span class='ocr_line' id='line_1_20' title="bbox 156 2300 1277 2370; baseline -0.002 -16"><span class='ocrx_word' id='word_1_142' title='bbox 156 2303 256 2369; x_wconf 75' lang='lat' dir='ltr'><strong>purius</strong></span> <span class='ocrx_word' id='word_1_143' title='bbox 275 2302 362 2355; x_wconf 86' lang='lat' dir='ltr'><strong>attuli</strong></span> <span class='ocrx_word' id='word_1_144' title='bbox 381 2317 416 2354; x_wconf 89' lang='lat' dir='ltr'><strong>ex</strong></span> <span class='ocrx_word' id='word_1_145' title='bbox 434 2303 615 2370; x_wconf 82' lang='lat' dir='ltr'><strong>Domasoeno,</strong></span> <span class='ocrx_word' id='word_1_146' title='bbox 638 2304 668 2354; x_wconf 88' lang='lat' dir='ltr'><strong>ot</strong></span> <span class='ocrx_word' id='word_1_147' title='bbox 686 2302 853 2368; x_wconf 84' lang='lat' dir='ltr'><strong>Bensttibo;</strong></span> <span class='ocrx_word' id='word_1_148' title='bbox 876 2315 927 2354; x_wconf 88' lang='lat' dir='ltr'><strong>neo</strong></span> <span class='ocrx_word' id='word_1_149' title='bbox 947 2316 1004 2353; x_wconf 91' lang='lat' dir='ltr'><strong>non</strong></span> <span class='ocrx_word' id='word_1_150' title='bbox 1023 2315 1057 2353; x_wconf 86' lang='lat' dir='ltr'><strong>ex</strong></span> <span class='ocrx_word' id='word_1_151' title='bbox 1077 2302 1162 2366; x_wconf 73' lang='lat' dir='ltr'><strong>oulqo</strong></span> <span class='ocrx_word' id='word_1_152' title='bbox 1184 2300 1277 2354; x_wconf 85' lang='lat' dir='ltr'><strong>arabi-</strong></span> 
     </span>
     <span class='ocr_line' id='line_1_21' title="bbox 157 2385 1337 2459; baseline 0 -15"><span class='ocrx_word' id='word_1_153' title='bbox 157 2391 218 2458; x_wconf 83' lang='lat' dir='ltr'><strong>ois,</strong></span> <span class='ocrx_word' id='word_1_154' title='bbox 238 2392 318 2444; x_wconf 88' lang='lat' dir='ltr'><strong>inter</strong></span> <span class='ocrx_word' id='word_1_155' title='bbox 337 2407 407 2459; x_wconf 87' lang='lat' dir='ltr'><strong>quos</strong></span> <span class='ocrx_word' id='word_1_156' title='bbox 427 2394 472 2444; x_wconf 84' lang='lat' dir='ltr'><strong>est</strong></span> <span class='ocrx_word' id='word_1_157' title='bbox 490 2407 605 2444; x_wconf 85' lang='lat' dir='ltr'><strong>numero</strong></span> <span class='ocrx_word' id='word_1_158' title='bbox 624 2393 670 2445; x_wconf 85' lang='grc'><strong>37.</strong></span> <span class='ocrx_word' id='word_1_159' title='bbox 1336 2385 1337 2388; x_wconf 60' lang='grc'>’</span> 
     </span>
    </p>

    <p class='ocr_par' dir='ltr' id='par_1_5' title="bbox 158 2480 1278 2730">
     <span class='ocr_line' id='line_1_22' title="bbox 230 2480 1278 2556; baseline -0.001 -21"><span class='ocrx_word' id='word_1_160' title='bbox 230 2483 320 2552; x_wconf 87' lang='lat' dir='ltr'><strong>Heio,</strong></span> <span class='ocrx_word' id='word_1_161' title='bbox 342 2482 519 2556; x_wconf 82' lang='lat' dir='ltr'><strong>provinoiam</strong></span> <span class='ocrx_word' id='word_1_162' title='bbox 537 2481 603 2535; x_wconf 88' lang='lat' dir='ltr'><strong>huie</strong></span> <span class='ocrx_word' id='word_1_163' title='bbox 629 2483 890 2535; x_wconf 80' lang='lat' dir='ltr'><strong>lucubratiunculae</strong></span> <span class='ocrx_word' id='word_1_164' title='bbox 909 2497 985 2535; x_wconf 85' lang='lat' dir='ltr'><strong>mose</strong></span> <span class='ocrx_word' id='word_1_165' title='bbox 1004 2480 1156 2547; x_wconf 83' lang='lat' dir='ltr'><strong>praefixam</strong></span> <span class='ocrx_word' id='word_1_166' title='bbox 1177 2481 1278 2534; x_wconf 89' lang='lat' dir='ltr'><strong>nolens</strong></span> 
     </span>
     <span class='ocr_line' id='line_1_23' title="bbox 158 2571 1278 2641; baseline -0.004 -15"><span class='ocrx_word' id='word_1_167' title='bbox 158 2572 334 2641; x_wconf 77' lang='lat' dir='ltr'><strong>transgredi,</strong></span> <span class='ocrx_word' id='word_1_168' title='bbox 347 2589 434 2627; x_wconf 88' lang='lat' dir='ltr'><strong>unum</strong></span> <span class='ocrx_word' id='word_1_169' title='bbox 451 2575 481 2624; x_wconf 88' lang='lat' dir='ltr'><strong>et</strong></span> <span class='ocrx_word' id='word_1_170' title='bbox 500 2573 622 2625; x_wconf 86' lang='lat' dir='ltr'><strong>alterum</strong></span> <span class='ocrx_word' id='word_1_171' title='bbox 637 2571 808 2627; x_wconf 87' lang='lat' dir='ltr'><strong>solummodo</strong></span> <span class='ocrx_word' id='word_1_172' title='bbox 819 2574 931 2625; x_wconf 82' lang='lat' dir='ltr'><strong>offeram</strong></span> <span class='ocrx_word' id='word_1_173' title='bbox 942 2573 1142 2624; x_wconf 84' lang='lat' dir='ltr'><strong>extraneorum</strong></span> <span class='ocrx_word' id='word_1_174' title='bbox 1152 2572 1278 2624; x_wconf 85' lang='lat' dir='ltr'><strong>testimo-</strong></span> 
     </span>
     <span class='ocr_line' id='line_1_24' title="bbox 158 2659 1278 2730; baseline -0.002 -16"><span class='ocrx_word' id='word_1_175' title='bbox 158 2663 248 2730; x_wconf 86' lang='lat' dir='ltr'><strong>nium,</strong></span> <span class='ocrx_word' id='word_1_176' title='bbox 271 2663 305 2715; x_wconf 94' lang='lat' dir='ltr'><strong>ob</strong></span> <span class='ocrx_word' id='word_1_177' title='bbox 324 2664 446 2717; x_wconf 82' lang='lat' dir='ltr'><strong>locorum</strong></span> <span class='ocrx_word' id='word_1_178' title='bbox 458 2663 694 2730; x_wconf 83' lang='lat' dir='ltr'><strong>parallelismum,</strong></span> <span class='ocrx_word' id='word_1_179' title='bbox 710 2665 796 2729; x_wconf 83' lang='lat' dir='ltr'><strong>atquo</strong></span> <span class='ocrx_word' id='word_1_180' title='bbox 810 2661 941 2716; x_wconf 86' lang='lat' dir='ltr'><strong>materiei</strong></span> <span class='ocrx_word' id='word_1_181' title='bbox 954 2663 983 2714; x_wconf 88' lang='lat' dir='ltr'><strong>et</strong></span> <span class='ocrx_word' id='word_1_182' title='bbox 997 2659 1194 2730; x_wconf 81' lang='lat' dir='ltr'><strong>adjunctorum</strong></span> <span class='ocrx_word' id='word_1_183' title='bbox 1213 2676 1278 2714; x_wconf 84' lang='lat' dir='ltr'><strong>ans·</strong></span> 
     </span>
    </p>

    <p class='ocr_par' dir='ltr' id='par_1_6' title="bbox 140 2749 798 2818">
     <span class='ocr_line' id='line_1_25' title="bbox 140 2749 798 2818; baseline 0 -13"><span class='ocrx_word' id='word_1_184' title='bbox 140 2749 277 2818; x_wconf 81' lang='lat' dir='ltr'><strong>logiam.</strong></span> <span class='ocrx_word' id='word_1_185' title='bbox 792 2803 798 2816; x_wconf 86' lang='grc'><strong>,</strong></span> 
     </span>
    </p>

    <p class='ocr_par' dir='ltr' id='par_1_7' title="bbox 159 2842 1284 3452">
     <span class='ocr_line' id='line_1_26' title="bbox 231 2842 1280 2911; baseline -0.002 -15"><span class='ocrx_word' id='word_1_186' title='bbox 231 2843 357 2896; x_wconf 88' lang='lat' dir='ltr'><strong>Primum</strong></span> <span class='ocrx_word' id='word_1_187' title='bbox 384 2843 496 2910; x_wconf 87' lang='lat' dir='ltr'><strong>quidem</strong></span> <span class='ocrx_word' id='word_1_188' title='bbox 524 2846 569 2897; x_wconf 88' lang='lat' dir='ltr'><strong>est</strong></span> <span class='ocrx_word' id='word_1_189' title='bbox 590 2843 799 2911; x_wconf 80' lang='lat' dir='ltr'><strong>Abulpharogii</strong></span> <span class='ocrx_word' id='word_1_190' title='bbox 826 2843 1000 2896; x_wconf 84' lang='lat' dir='ltr'><strong>Bsrhebrsei</strong></span> <span class='ocrx_word' id='word_1_191' title='bbox 1025 2843 1188 2911; x_wconf 87' lang='lat' dir='ltr'><strong>blaphriani</strong></span> <span class='ocrx_word' id='word_1_192' title='bbox 1218 2842 1280 2896; x_wconf 84' lang='lat' dir='ltr'><strong>sive</strong></span> 
     </span>
     <span class='ocr_line' id='line_1_27' title="bbox 159 2932 1280 3002; baseline -0.004 -16"><span class='ocrx_word' id='word_1_193' title='bbox 159 2934 298 2986; x_wconf 80' lang='lat' dir='ltr'><strong>Primatis</strong></span> <span class='ocrx_word' id='word_1_194' title='bbox 319 2933 447 2987; x_wconf 84' lang='lat' dir='ltr'><strong>Orientis</strong></span> <span class='ocrx_word' id='word_1_195' title='bbox 465 2950 514 2987; x_wconf 85' lang='lat' dir='ltr'><strong>seu</strong></span> <span class='ocrx_word' id='word_1_196' title='bbox 536 2934 822 3001; x_wconf 80' lang='lat' dir='ltr'><strong>Syro-Jacobitarum,</strong></span> <span class='ocrx_word' id='word_1_197' title='bbox 846 2933 895 3002; x_wconf 89' lang='lat' dir='ltr'><strong>qui</strong></span> <span class='ocrx_word' id='word_1_198' title='bbox 916 2935 948 2986; x_wconf 90' lang='lat' dir='ltr'><strong>in</strong></span> <span class='ocrx_word' id='word_1_199' title='bbox 968 2949 1017 2986; x_wconf 89' lang='lat' dir='ltr'><strong>suo</strong></span> <span class='ocrx_word' id='word_1_200' title='bbox 1038 2949 1121 3000; x_wconf 87' lang='lat' dir='ltr'><strong>opere</strong></span> <span class='ocrx_word' id='word_1_201' title='bbox 1143 2932 1280 2985; x_wconf 75' lang='lat' dir='ltr'><strong>Direots&#39;o·</strong></span> 
     </span>
     <span class='ocr_line' id='line_1_28' title="bbox 160 3022 1279 3093; baseline -0.002 -17"><span class='ocrx_word' id='word_1_202' title='bbox 160 3041 247 3090; x_wconf 78' lang='lat' dir='ltr'><strong>oum,</strong></span> <span class='ocrx_word' id='word_1_203' title='bbox 269 3022 343 3091; x_wconf 89' lang='lat' dir='ltr'><strong>quod</strong></span> <span class='ocrx_word' id='word_1_204' title='bbox 369 3027 414 3077; x_wconf 87' lang='lat' dir='ltr'><strong>est</strong></span> <span class='ocrx_word' id='word_1_205' title='bbox 440 3037 541 3092; x_wconf 73' lang='lat' dir='ltr'><strong>eorpus</strong></span> <span class='ocrx_word' id='word_1_206' title='bbox 563 3026 639 3093; x_wconf 84' lang='lat' dir='ltr'><strong>juris</strong></span> <span class='ocrx_word' id='word_1_207' title='bbox 662 3025 719 3078; x_wconf 82' lang='lat' dir='ltr'><strong>fori</strong></span> <span class='ocrx_word' id='word_1_208' title='bbox 747 3023 933 3078; x_wconf 80' lang='lat' dir='ltr'><strong>ecelesiastici</strong></span> <span class='ocrx_word' id='word_1_209' title='bbox 958 3023 1047 3076; x_wconf 83' lang='lat' dir='ltr'><strong>totius</strong></span> <span class='ocrx_word' id='word_1_210' title='bbox 1071 3022 1169 3077; x_wconf 85' lang='lat' dir='ltr'><strong>Seotse</strong></span> <span class='ocrx_word' id='word_1_211' title='bbox 1187 3023 1279 3090; x_wconf 88' lang='lat' dir='ltr'><strong>illius,</strong></span> 
     </span>
     <span class='ocr_line' id='line_1_29' title="bbox 160 3111 1282 3190; baseline -0.004 -22"><span class='ocrx_word' id='word_1_212' title='bbox 160 3111 197 3190; x_wconf 87' lang='lat' dir='ltr'><strong>(o.</strong></span> <span class='ocrx_word' id='word_1_213' title='bbox 209 3116 236 3167; x_wconf 84' lang='lat'><strong>7.</strong></span> <span class='ocrx_word' id='word_1_214' title='bbox 257 3111 405 3184; x_wconf 83' lang='lat' dir='ltr'><strong>Soet.1.),</strong></span> <span class='ocrx_word' id='word_1_215' title='bbox 430 3116 473 3167; x_wconf 85' lang='lat' dir='ltr'><strong>ait</strong></span> <span class='ocrx_word' id='word_1_216' title='bbox 503 3135 516 3162; x_wconf 77' lang='lat' dir='ltr'><strong><em>a</em></strong></span> <span class='ocrx_word' id='word_1_217' title='bbox 536 3114 632 3168; x_wconf 77' lang='lat' dir='ltr'><strong>Oarion</strong></span> <span class='ocrx_word' id='word_1_218' title='bbox 658 3119 704 3169; x_wconf 86' lang='lat' dir='ltr'><strong>est</strong></span> <span class='ocrx_word' id='word_1_219' title='bbox 721 3115 860 3169; x_wconf 84' lang='lat' dir='ltr'><strong>Niesonse</strong></span> <span class='ocrx_word' id='word_1_220' title='bbox 883 3117 916 3166; x_wconf 90' lang='lat' dir='ltr'><strong>ut</strong></span> <span class='ocrx_word' id='word_1_221' title='bbox 936 3115 1057 3181; x_wconf 87' lang='lat' dir='ltr'><strong>quatuor</strong></span> <span class='ocrx_word' id='word_1_222' title='bbox 1076 3113 1137 3166; x_wconf 84' lang='lat' dir='ltr'><strong>sint</strong></span> <span class='ocrx_word' id='word_1_223' title='bbox 1154 3112 1282 3164; x_wconf 79' lang='lat' dir='ltr'><strong>Patrior-</strong></span> 
     </span>
     <span class='ocr_line' id='line_1_30' title="bbox 161 3203 1281 3272; baseline -0.006 -14"><span class='ocrx_word' id='word_1_224' title='bbox 161 3205 249 3271; x_wconf 85' lang='lat' dir='ltr'><strong>obas,</strong></span> <span class='ocrx_word' id='word_1_225' title='bbox 268 3205 355 3272; x_wconf 85' lang='lat' dir='ltr'><strong>juxta</strong></span> <span class='ocrx_word' id='word_1_226' title='bbox 382 3218 527 3256; x_wconf 89' lang='lat' dir='ltr'><strong>numerum</strong></span> <span class='ocrx_word' id='word_1_227' title='bbox 554 3209 675 3272; x_wconf 83' lang='lat' dir='ltr'><strong>quatuor</strong></span> <span class='ocrx_word' id='word_1_228' title='bbox 697 3206 780 3259; x_wconf 90' lang='lat' dir='ltr'><strong>Orbis</strong></span> <span class='ocrx_word' id='word_1_229' title='bbox 806 3205 972 3271; x_wconf 78' lang='lat' dir='ltr'><strong>plagarum,</strong></span> <span class='ocrx_word' id='word_1_230' title='bbox 998 3203 1083 3268; x_wconf 85' lang='lat' dir='ltr'><strong>eaput</strong></span> <span class='ocrx_word' id='word_1_231' title='bbox 1107 3203 1201 3252; x_wconf 85' lang='lat' dir='ltr'><strong>autem</strong></span> <span class='ocrx_word' id='word_1_232' title='bbox 1225 3216 1281 3252; x_wconf 82' lang='lat' dir='ltr'><strong>ms·</strong></span> 
     </span>
     <span class='ocr_line' id='line_1_31' title="bbox 163 3288 1282 3362; baseline -0.004 -15"><span class='ocrx_word' id='word_1_233' title='bbox 163 3311 249 3360; x_wconf 81' lang='lat' dir='ltr'><strong>gnum</strong></span> <span class='ocrx_word' id='word_1_234' title='bbox 269 3294 392 3347; x_wconf 88' lang='lat' dir='ltr'><strong>omnium</strong></span> <span class='ocrx_word' id='word_1_235' title='bbox 410 3294 471 3360; x_wconf 89' lang='lat' dir='ltr'><strong>ille,</strong></span> <span class='ocrx_word' id='word_1_236' title='bbox 488 3296 538 3362; x_wconf 86' lang='lat' dir='ltr'><strong>qni</strong></span> <span class='ocrx_word' id='word_1_237' title='bbox 557 3295 661 3349; x_wconf 81' lang='lat' dir='ltr'><strong>Romae</strong></span> <span class='ocrx_word' id='word_1_238' title='bbox 681 3298 734 3349; x_wconf 86' lang='lat' dir='ltr'><strong>est:</strong></span> <span class='ocrx_word' id='word_1_239' title='bbox 757 3294 823 3347; x_wconf 91' lang='lat' dir='ltr'><strong>dein</strong></span> <span class='ocrx_word' id='word_1_240' title='bbox 841 3295 903 3361; x_wconf 89' lang='lat' dir='ltr'><strong>ille,</strong></span> <span class='ocrx_word' id='word_1_241' title='bbox 926 3293 976 3360; x_wconf 90' lang='lat' dir='ltr'><strong>qui</strong></span> <span class='ocrx_word' id='word_1_242' title='bbox 994 3288 1195 3356; x_wconf 64' lang='lat' dir='ltr'><strong>Alexandriam</strong></span> <span class='ocrx_word' id='word_1_243' title='bbox 1216 3288 1282 3342; x_wconf 90' lang='lat' dir='ltr'><strong>dein</strong></span> 
     </span>
     <span class='ocr_line' id='line_1_32' title="bbox 163 3379 1284 3452; baseline -0.007 -15"><span class='ocrx_word' id='word_1_244' title='bbox 163 3386 215 3452; x_wconf 79' lang='lat' dir='ltr'><strong>qai</strong></span> <span class='ocrx_word' id='word_1_245' title='bbox 243 3383 540 3452; x_wconf 72' lang='lat' dir='ltr'><strong>Constantinopoleos,</strong></span> <span class='ocrx_word' id='word_1_246' title='bbox 561 3384 597 3437; x_wconf 85' lang='lat' dir='ltr'><strong>ad</strong></span> <span class='ocrx_word' id='word_1_247' title='bbox 620 3401 704 3452; x_wconf 83' lang='lat' dir='ltr'><strong>quem</strong></span> <span class='ocrx_word' id='word_1_248' title='bbox 727 3384 945 3437; x_wconf 86' lang='lat' dir='ltr'><strong>Patriarobatus</strong></span> <span class='ocrx_word' id='word_1_249' title='bbox 968 3381 1079 3448; x_wconf 84' lang='lat' dir='ltr'><strong>Epheso</strong></span> <span class='ocrx_word' id='word_1_250' title='bbox 1098 3379 1227 3446; x_wconf 81' lang='lat' dir='ltr'><strong>transiit,</strong></span> <span class='ocrx_word' id='word_1_251' title='bbox 1253 3381 1284 3430; x_wconf 84' lang='lat' dir='ltr'><strong>et</strong></span> 
     </span>
    </p>
   </div>
   <div class='ocr_carea' id='block_1_4' title="bbox 164 3469 1282 3611">
    <p class='ocr_par' dir='ltr' id='par_1_8' title="bbox 164 3469 1282 3611">
     <span class='ocr_line' id='line_1_33' title="bbox 164 3469 1282 3543; baseline -0.006 -14"><span class='ocrx_word' id='word_1_252' title='bbox 164 3491 237 3543; x_wconf 86' lang='lat' dir='ltr'><strong>quae</strong></span> <span class='ocrx_word' id='word_1_253' title='bbox 261 3475 348 3528; x_wconf 86' lang='lat' dir='ltr'><strong>Roma</strong></span> <span class='ocrx_word' id='word_1_254' title='bbox 368 3489 443 3527; x_wconf 86' lang='lat' dir='ltr'><strong>nova</strong></span> <span class='ocrx_word' id='word_1_255' title='bbox 461 3473 697 3543; x_wconf 75' lang='lat' dir='ltr'><strong>mitappel1ota;</strong></span> <span class='ocrx_word' id='word_1_256' title='bbox 720 3474 786 3528; x_wconf 88' lang='lat' dir='ltr'><strong>dein</strong></span> <span class='ocrx_word' id='word_1_257' title='bbox 807 3474 856 3542; x_wconf 87' lang='lat' dir='ltr'><strong>qui</strong></span> <span class='ocrx_word' id='word_1_258' title='bbox 874 3471 1043 3526; x_wconf 82' lang='lat' dir='ltr'><strong>Antioohiae</strong></span> <span class='ocrx_word' id='word_1_259' title='bbox 1060 3472 1122 3536; x_wconf 85' lang='lat' dir='ltr'><strong>est,</strong></span> <span class='ocrx_word' id='word_1_260' title='bbox 1143 3469 1188 3522; x_wconf 88' lang='lat' dir='ltr'><strong>oui</strong></span> <span class='ocrx_word' id='word_1_261' title='bbox 1206 3471 1282 3537; x_wconf 90' lang='lat' dir='ltr'><strong>pote-</strong></span> 
     </span>
     <span class='ocr_line' id='line_1_34' title="bbox 806 3574 1074 3611; baseline -0.007 -1"><span class='ocrx_word' id='word_1_262' title='bbox 806 3581 819 3611; x_wconf 67' lang='lat'>!</span> <span class='ocrx_word' id='word_1_263' title='bbox 868 3578 902 3608; x_wconf 75' lang='grc' dir='ltr'><em>Π</em></span> <span class='ocrx_word' id='word_1_264' title='bbox 933 3574 951 3610; x_wconf 66' lang='lat'>4</span> <span class='ocrx_word' id='word_1_265' title='bbox 986 3579 998 3604; x_wconf 64' lang='grc' dir='ltr'><strong>Ἀ</strong></span> <span class='ocrx_word' id='word_1_266' title='bbox 1061 3575 1074 3604; x_wconf 66' lang='lat'><em>2</em></span> 
     </span>
    </p>
   </div>
   <div class='ocr_carea' id='block_1_5' title="bbox 164 3557 1284 3690">
    <p class='ocr_par' dir='ltr' id='par_1_9' title="bbox 164 3557 1284 3690">
     <span class='ocr_line' id='line_1_35' title="bbox 164 3557 1284 3690; baseline -0.007 -18"><span class='ocrx_word' id='word_1_267' title='bbox 164 3621 227 3672; x_wconf 85' lang='lat' dir='ltr'><strong>stas</strong></span> <span class='ocrx_word' id='word_1_268' title='bbox 250 3633 336 3686; x_wconf 87' lang='lat' dir='ltr'><strong>super</strong></span> <span class='ocrx_word' id='word_1_269' title='bbox 354 3619 445 3670; x_wconf 87' lang='lat' dir='ltr'><strong>totum</strong></span> <span class='ocrx_word' id='word_1_270' title='bbox 464 3615 631 3672; x_wconf 78' lang='lat' dir='ltr'><strong>Oriente&#39;mn</strong></span> <span class='ocrx_word' id='word_1_271' title='bbox 670 3608 901 3690; x_wconf 54' lang='grc' dir='ltr'><strong>α-θῧωὶθθ</strong></span> <span class='ocrx_word' id='word_1_272' title='bbox 924 3625 1012 3689; x_wconf 60' lang='grc' dir='ltr'><strong>χθων</strong></span> <span class='ocrx_word' id='word_1_273' title='bbox 1038 3590 1123 3672; x_wconf 54' lang='grc' dir='ltr'><strong>Μ]</strong></span> <span class='ocrx_word' id='word_1_274' title='bbox 1146 3624 1154 3654; x_wconf 76' lang='lat'><strong><em>³</em></strong></span> <span class='ocrx_word' id='word_1_275' title='bbox 1179 3557 1284 3680; x_wconf 48' lang='lat' dir='ltr'><strong>lauze?</strong></span> 
     </span>
    </p>
   </div>
   <div class='ocr_carea' id='block_1_6' title="bbox 652 3712 752 3762">
    <p class='ocr_par' dir='ltr' id='par_1_10' title="bbox 652 3712 752 3762">
     <span class='ocr_line' id='line_1_36' title="bbox 652 3712 752 3762; baseline -0.02 0"><span class='ocrx_word' id='word_1_276' title='bbox 652 3712 752 3762; x_wconf 64' lang='lat' dir='ltr'><strong>ss*</strong></span> 
     </span>
    </p>
   </div>
   <div class='ocr_carea' id='block_1_7' title="bbox 164 3726 1288 4149">
    <p class='ocr_par' dir='ltr' id='par_1_11' title="bbox 164 3726 1288 4149">
     <span class='ocr_line' id='line_1_37' title="bbox 164 3726 1286 3848; baseline -0.007 -33"><span class='ocrx_word' id='word_1_277' title='bbox 164 3735 263 3815; x_wconf 42' lang='lat' dir='ltr'><strong>eosdm</strong></span> <span class='ocrx_word' id='word_1_278' title='bbox 283 3774 403 3843; x_wconf 49' lang='lat' dir='ltr'><strong>maj?</strong></span> <span class='ocrx_word' id='word_1_279' title='bbox 425 3736 466 3818; x_wconf 52' lang='lat' dir='ltr'><strong>oz»</strong></span> <span class='ocrx_word' id='word_1_280' title='bbox 489 3730 608 3848; x_wconf 50' lang='grc' dir='ltr'><strong>ἐπὶ),</strong></span> <span class='ocrx_word' id='word_1_281' title='bbox 631 3756 680 3824; x_wconf 67' lang='lat' dir='ltr'><strong>l-:i</strong></span> <span class='ocrx_word' id='word_1_282' title='bbox 697 3758 764 3827; x_wconf 54' lang='lat' dir='ltr'><strong>laio</strong></span> <span class='ocrx_word' id='word_1_283' title='bbox 784 3791 792 3808; x_wconf 87' lang='lat'><strong>·</strong></span> <span class='ocrx_word' id='word_1_284' title='bbox 816 3733 922 3836; x_wconf 42' lang='grc' dir='ltr'><strong>Μ,</strong></span> <span class='ocrx_word' id='word_1_285' title='bbox 942 3727 1054 3808; x_wconf 55' lang='lat' dir='ltr'><strong>mm</strong></span> <span class='ocrx_word' id='word_1_286' title='bbox 1075 3726 1155 3821; x_wconf 49' lang='grc' dir='ltr'><strong>(βργῖ</strong></span> <span class='ocrx_word' id='word_1_287' title='bbox 1176 3729 1286 3846; x_wconf 43' lang='grc' dir='ltr'><strong>ἐῶ.)</strong></span> 
     </span>
     <span class='ocr_line' id='line_1_38' title="bbox 165 3864 1288 3998; baseline -0.001 -36"><span class='ocrx_word' id='word_1_288' title='bbox 165 3865 305 3968; x_wconf 48' lang='lat' dir='ltr'><strong>sedne!</strong></span> <span class='ocrx_word' id='word_1_289' title='bbox 315 3927 369 3998; x_wconf 60' lang='lat'><strong>&lt;³⁹2</strong></span> <span class='ocrx_word' id='word_1_290' title='bbox 391 3887 442 3966; x_wconf 51' lang='grc' dir='ltr'><strong>,ᾧ</strong></span> <span class='ocrx_word' id='word_1_291' title='bbox 462 3864 831 3994; x_wconf 40' lang='grc' dir='ltr'><strong>ᾤᾉώωμθαᾼω,</strong></span> <span class='ocrx_word' id='word_1_292' title='bbox 850 3880 998 3965; x_wconf 49' lang='lat' dir='ltr'><strong>osaias&amp;</strong></span> <span class='ocrx_word' id='word_1_293' title='bbox 1013 3939 1021 3955; x_wconf 89' lang='lat'><strong>·</strong></span> <span class='ocrx_word' id='word_1_294' title='bbox 1038 3877 1221 3988; x_wconf 42' lang='lat' dir='ltr'><strong>fissa-QX,</strong></span> <span class='ocrx_word' id='word_1_295' title='bbox 1246 3881 1288 3964; x_wconf 57' lang='grc' dir='ltr'><strong>ζα</strong></span> 
     </span>
     <span class='ocr_line' id='line_1_39' title="bbox 168 4009 1288 4149; baseline -0.007 -32"><span class='ocrx_word' id='word_1_296' title='bbox 168 4033 327 4149; x_wconf 48' lang='lat' dir='ltr'><strong>thaps,</strong></span> <span class='ocrx_word' id='word_1_297' title='bbox 348 4036 390 4117; x_wconf 63' lang='lat' dir='ltr'><strong>st</strong></span> <span class='ocrx_word' id='word_1_298' title='bbox 409 4038 507 4119; x_wconf 57' lang='lat' dir='ltr'><strong>mi</strong></span> <span class='ocrx_word' id='word_1_299' title='bbox 522 4098 529 4116; x_wconf 92' lang='lat'>.</span> <span class='ocrx_word' id='word_1_300' title='bbox 547 4034 651 4122; x_wconf 60' lang='lat' dir='ltr'><strong>atil!</strong></span> <span class='ocrx_word' id='word_1_301' title='bbox 679 4033 745 4144; x_wconf 62' lang='grc' dir='ltr'><strong>ιιζ»</strong></span> <span class='ocrx_word' id='word_1_302' title='bbox 766 4035 888 4122; x_wconf 51' lang='lat' dir='ltr'><strong>assai</strong></span> <span class='ocrx_word' id='word_1_303' title='bbox 908 4009 1069 4142; x_wconf 53' lang='lat' dir='ltr'><strong>nudati</strong></span> <span class='ocrx_word' id='word_1_304' title='bbox 1094 4031 1175 4118; x_wconf 57' lang='lat' dir='ltr'><strong>es,</strong></span> <span class='ocrx_word' id='word_1_305' title='bbox 1199 4029 1288 4110; x_wconf 60' lang='lat' dir='ltr'><strong>iasa</strong></span> 
     </span>
    </p>
   </div>
   <div class='ocr_carea' id='block_1_8' title="bbox 169 4179 1287 4303">
    <p class='ocr_par' dir='ltr' id='par_1_12' title="bbox 169 4179 1287 4303">
     <span class='ocr_line' id='line_1_40' title="bbox 169 4179 1287 4303; baseline -0.017 -23"><span class='ocrx_word' id='word_1_306' title='bbox 169 4223 299 4280; x_wconf 83' lang='lat' dir='ltr'><strong>Alterum</strong></span> <span class='ocrx_word' id='word_1_307' title='bbox 311 4223 508 4292; x_wconf 78' lang='lat' dir='ltr'><strong>testimonium</strong></span> <span class='ocrx_word' id='word_1_308' title='bbox 526 4225 572 4276; x_wconf 81' lang='lat' dir='ltr'><strong>est</strong></span> <span class='ocrx_word' id='word_1_309' title='bbox 589 4179 695 4297; x_wconf 55' lang='lat' dir='ltr'><strong>dille*</strong></span> <span class='ocrx_word' id='word_1_310' title='bbox 713 4185 783 4265; x_wconf 62' lang='lat' dir='ltr'><strong>ads</strong></span> <span class='ocrx_word' id='word_1_311' title='bbox 795 4221 851 4303; x_wconf 55' lang='lat'><strong>³⁸0)</strong></span> <span class='ocrx_word' id='word_1_312' title='bbox 875 4185 978 4296; x_wconf 51' lang='grc' dir='ltr'><strong>μὶ</strong></span> <span class='ocrx_word' id='word_1_313' title='bbox 1002 4182 1093 4295; x_wconf 51' lang='lat' dir='ltr'><em>Q</em></span> <span class='ocrx_word' id='word_1_314' title='bbox 1112 4184 1191 4264; x_wconf 59' lang='grc' dir='ltr'><strong>αᾶο</strong></span> <span class='ocrx_word' id='word_1_315' title='bbox 1215 4180 1287 4284; x_wconf 46' lang='grc' dir='ltr'><strong>Νἷ,</strong></span> 
     </span>
    </p>
   </div>
   <div class='ocr_carea' id='block_1_9' title="bbox 0 0 1555 4756">
    <p class='ocr_par' dir='ltr' id='par_1_13' title="bbox 0 0 1555 4756">
     <span class='ocr_line' id='line_1_41' title="bbox 0 0 1555 4756; baseline 0 0"><span class='ocrx_word' id='word_1_316' title='bbox 0 0 1555 4756; x_wconf 95' lang='lat' dir='ltr'><strong> </strong></span> 
     </span>
    </p>
   </div>
  </div>
 </body>
</html>
