3036 4750
757 189 913 256 ..6-

278 309 374 380 filius
397 312 473 402 ejus
497 312 665 383 Servator
683 312 858 397 Christus,
877 319 913 381 et
932 333 1024 379 unus
1048 309 1205 401 Spiritus
1229 310 1306 401 ejus
1329 312 1392 412 Pa·
1497 334 1498 390 l

190 437 192 444 ¹
277 411 444 505 racletus,
463 421 655 510 parimodo
675 444 766 490 unus
790 426 844 490 est
865 419 955 511 Ejus
976 419 1149 488 Thesauri
1165 420 1394 511 Dispensator
1497 415 1498 422 '

277 529 367 615 (sive
395 528 537 598 Aerarii
573 531 796 614 Praefectus,
834 529 891 599 vel
924 531 1092 614 Praetor)
1126 528 1240 597 fidelis
1274 529 1394 598 Simon

276 638 465 728 Bar-jona,
499 639 561 731 qui
593 638 858 728 cognominatus
874 629 965 705 'fuit
999 636 1125 722 Petra,
1159 642 1195 704 et
1225 636 1283 704 cui
1313 660 1391 727 pro·

275 748 373 817 misit
395 746 530 816 dicens:
559 769 694 836 osuper
716 745 806 815 hanc
822 746 961 814 Petram
989 745 1176 813 aedificabo
1199 743 1393 813 Ecclesiam

275 879 395 926 meam:
416 883 432 919 n
450 861 486 924 et
501 855 657 945 insuper:
678 854 773 924 ctibi
792 853 879 922 dabo
899 851 1024 924 Claves
1039 853 1155 942 Regni
1171 852 1389 922 Scelerum.»

273 965 437 1034 Jamvero
459 987 529 1034 non
552 964 624 1035 fuit
647 963 780 1033 dictum
804 984 826 1029 a
848 962 991 1031 Christo
1018 962 1175 1030 omnibus
1192 961 1390 1052 discipulis:

274 1097 377 1165 super
401 1095 463 1144 vos
487 1072 688 1158 aedificabo,
707 1079 743 1140 et
762 1071 862 1141 vobis
886 1069 985 1138 debe.
1010 1070 1059 1138 Et
1082 1069 1241 1161 quamvis
1265 1069 1393 1137 donum

274 1165 460 1251 sacerdotii
484 1179 641 1247 omnibus
663 1177 845 1268 Apostolis
868 1201 1066 1248 eoncessum
1095 1177 1185 1262 fuit,
1211 1183 1268 1246 ast
1290 1177 1391 1244 Prin·

274 1291 412 1380 cipetus
434 1311 536 1373 unus,
556 1289 617 1380 qui
633 1294 687 1357 est
705 1288 900 1379 paternitas
916 1286 1118 1378 spiritualis
1133 1310 1202 1356 non
1219 1287 1389 1372 omnibus,

274 1399 345 1484 sed,
365 1398 470 1467 sicuti
486 1402 540 1466 est
555 1419 659 1487 penes
683 1420 790 1465 unum
806 1397 917 1466 Deum
941 1419 1074 1482 verum,
1097 1397 1148 1464 sic
1163 1418 1268 1485 penes
1284 1418 1393 1464 unum

273 1506 403 1573 Domus
426 1505 645 1574 Praefectum
660 1504 711 1591 (1)
736 1504 884 1590 fidelem,
904 1509 946 1572 ut
967 1504 1041 1595 ipse
1065 1504 1113 1572 sit
1129 1509 1246 1594 caput,
1265 1505 1390 1594 guber·

273 1619 386 1698 nator,
405 1634 445 1682 ac
462 1612 682 1702 dispensator
706 1613 857 1680 fratrum
882 1634 1066 1680 suorum...
1085 1611 1157 1680 Vos
1179 1616 1308 1696 autem,
1327 1611 1392 1678 Pa·
1500 1665 1501 1670 ,

272 1726 345 1790 tres
370 1721 483 1789 nostri
506 1720 572 1809 (sic
594 1719 837 1811 alloquebatur
860 1719 1037 1810 Agapitus
1059 1718 1253 1810 Episcopus
1275 1717 1393 1786 Beth-

271 1829 475 1919 lapatensis,
497 1829 555 1899 cui
569 1828 803 1919 subscripsere
827 1831 957 1914 omnes)
981 1827 1093 1912 scitis,
1113 1827 1389 1917 omnitempore,

271 1938 367 2004 visas
396 1936 506 2005 fuisse
529 1934 722 2005 discordias
738 1940 774 2003 et
790 1935 1029 2004 contentiones
1045 1936 1228 2021 internos,
1246 1941 1282 2004 et
1297 1934 1393 2026 ipsos

270 2045 393 2113 Patres
416 2043 647 2114 occidentales
670 2043 830 2112 inventos
854 2044 964 2112 fuisse
980 2043 1178 2112 defensores
1201 2048 1306 2135 atque
1329 2063 1391 2110 au·

270 2152 454 2221 xiliatores
467 2153 824 2236 ccicePctercitceie,
841 2152 878 2220 in
895 2173 964 2243 qua
974 2174 1048 2238 nos,
1067 2149 1236 2240 discipuli
1249 2171 1290 2220 ac
1306 2150 1388 2235 filii,

272 2283 390 2329 sumus
413 2260 555 2352 alligati
570 2281 611 2328 ac
628 2260 820 2351 conjuncti,
839 2280 901 2329 ceu
917 2261 1068 2328 membra
1084 2259 1197 2328 totius
1211 2257 1389 2350 Corporis,

270 2370 308 2439 in
332 2369 503 2440 CAPITE
524 2391 607 2458 rege
634 2369 895 2438 membrorum»
921 2365 984 2454 (2).

336 2479 383 2548 V.
399 2478 530 2549 Narseo
553 2477 742 2566 Presbyter
761 2497 802 2544 ac
818 2476 945 2545 Doctor
961 2474 1204 2560 Nestorisnus,
1220 2472 1281 2566 qui
1296 2473 1391 2562 apud

270 2610 351 2658 suos
373 2592 494 2656 tentae
518 2586 753 2677 reputationis
776 2609 908 2677 semper
931 2585 1074 2655 habitus
1095 2583 1177 2670 fuit,
1197 2589 1240 2652 ut
1254 2582 1391 2674 primus

270 2697 535 2766 interDootores
552 2695 674 2785 Syros,
687 2717 771 2787 quos
786 2681 988 2767 Nestoriani
1004 2699 1045 2764 ut
1065 2715 1145 2763 suos
1161 2692 1319 2783 proprios
1335 2713 1391 2759 co·

269 2795 360 2888 lu'nt,
387 2808 464 2893 post
484 2802 521 2870 S.
539 2801 724 2892 Ephraem,
749 2806 901 2892 ponatur
916 2800 979 2890 (3),
1002 2801 1146 2891 linguae
1169 2797 1325 2868 Orientis
1349 2819 1391 2868 ae

270 2909 426 2979 citharae
451 2908 608 2999 Spiritus
631 2907 754 2978 Sancti
774 2907 1066 2999 appellationibus
1094 2908 1309 2990 honestetur,
1335 2912 1389 2974 at·

269 3039 335 3109 que
350 3015 427 3105 ejus
444 3015 576 3107 scripta
591 3015 629 3083 in
646 3017 804 3084 omnibus
829 3015 958 3086 scholis
980 3038 1021 3085 ec
1044 3017 1082 3084 in
1094 3015 1256 3086 Ecclesia
1277 3013 1387 3082 etiam

267 3121 480 3212 legerentur,
507 3122 544 3190 in
568 3121 803 3209 Sermonibus,
829 3122 890 3214 qui
917 3122 1019 3214 pauci
1042 3145 1084 3191 ex
1107 3121 1269 3212 plurimis
1293 3119 1387 3210 ejus·

268 3231 344 3300 dem
367 3234 528 3316 exstant,
555 3237 774 3301 monumenta
797 3231 980 3323 sequentia
1003 3232 1044 3300 de
1067 3230 1109 3300 B.
1131 3229 1229 3300 Petri
1253 3227 1389 3300 Princi-

268 3345 354 3429 patu
377 3339 476 3409 nobis
499 3339 657 3431 reliquit.

269 3481 454 3494 uu*—

339 3518 380 3595 (1)
399 3523 469 3578 Vooi
487 3521 650 3576 chaldaicae
668 3513 790 3595 Ῑξυεζὲὃ
807 3521 962 3591 respondet
981 3535 1081 3588 craece
1095 3520 1228 3594 οικόνομος
1244 3523 1273 3573 et
1284 3519 1387 3576 italica

268 3629 483 3698 Mappiordomo
504 3633 534 3682 st
552 3632 672 3683 Moeetro
694 3630 724 3681 di
744 3633 816 3684 Ocea
835 3645 851 3680 c
870 3630 997 3698 Profecto
1018 3629 1050 3682 di
1067 3629 1203 3694 Pulcuscp
1223 3627 1297 3683 uude
1316 3627 1387 3682 duxi

267 3718 452 3772 vertendum:
473 3718 575 3772 Domus
593 3717 765 3787 preelectus.

336 3803 378 3880 (2)
396 3807 469 3878 Vide
486 3807 776 3876 Appendicem1.ubi
796 3806 830 3860 de
850 3807 923 3862 sctis
943 3807 1028 3877 hujus
1047 3807 1167 3874 Synodi.

335 3889 380 3971 (3)
397 3898 508 3952 Revera
527 3899 641 3966 Nersae,
657 3901 771 3966 praeter
790 3897 949 3964 singularis
968 3913 1084 3966 prorsus
1105 3897 1285 3966 eloquentiae
1305 3912 1385 3965 prae-

265 3988 411 4056 stantiam,
433 3988 531 4041 ordina
551 3989 636 4042 etiem
656 3988 804 4056 temporis,
820 3989 943 4042 omnium
956 3989 1092 4056 Syrorum
1111 4003 1159 4041 seu
1179 3986 1386 4042 chaldaeorum

264 4079 432 4146 Doctorum,
454 4079 556 4132 saltem
576 4095 692 4146 qaorum
712 4095 798 4148 opere
817 4081 982 4147 supersunt,
1004 4078 1122 4133 exsistit
1141 4080 1207 4144 post
1225 4077 1382 4146 Ephreem,

263 4167 508 4237 Antiquissimus,
531 4185 616 4238 quum
642 4171 682 4224 sit
702 4171 808 4224 soeculi
837 4170 942 4238 quinti.
957 4168 1029 4225 Vide
1050 4167 1124 4237 quod
1143 4168 1177 4221 de
1197 4169 1300 4222 eximio
1326 4167 1386 4221 isto

264 4257 407 4327 scriptore
425 4261 553 4328 penitius
572 4262 604 4314 in
622 4261 784 4330 appendice
797 4262 822 4315 1.
843 4260 993 4316 adnotabo.
