3046 4756
721 135 922 204 -168--
976 153 977 162 ’

266 319 269 326 1
326 266 396 335 III.
421 265 528 334 Porro
551 266 644 334 inter
675 271 807 333 ceteras
833 263 1011 354 regiones,
1037 262 1075 330 in
1097 260 1278 350 Adjabsue
1301 258 1373 345 (1),

261 375 356 444 hisce
387 373 609 465 primordiis,
634 373 768 442 Helena
798 371 1058 461 Adjabeuorum
1088 369 1211 458 regina
1233 368 1378 456 ejusque

261 483 347 550 filiis
369 483 546 552 Ecclesiae
571 482 625 550 sin
649 481 762 548 minus
786 502 920 564 nomen,
948 486 1042 548 certe
1064 477 1298 569 patrocinium
1320 475 1380 542 im·

261 590 491 679 pendentibus
508 589 569 677 (2),
595 587 721 656 mirum
745 589 781 655 in
798 587 934 656 modum
954 588 1023 655 Res
1047 585 1247 654 Christiana
1266 581 1381 652 erevit

262 705 296 766 et
318 703 512 788 propagata
535 696 618 764 fuit.
644 696 779 764 Idcirco
803 696 844 764 de
860 695 977 762 eadem
1003 695 1147 786 loquens
1171 693 1379 760 Sozomenus

262 803 339 891 (lib.
350 804 383 872 2.
399 804 526 890 o.12.):
546 805 625 870 daec
640 808 703 891 (se.
718 803 932 890 Adjabenes)
958 802 1113 870 Persidis
1125 803 1219 890 rapio
1236 814 1298 882 est,
1312 797 1377 881 ait,

261 913 412 977 maxima
442 936 483 977 eor
500 925 604 1001 parte
627 937 648 976 a
665 911 876 979 Christianis
900 911 1071 976 habitata:
1097 911 1139 977 ab
1164 908 1267 976 initio
1285 905 1380 975 scili·

263 1023 318 1086 cet
344 1018 387 1086 ad
410 1040 475 1086 sua
497 1041 606 1110 usque
630 1024 794 1106 tempora.

771 1324 802 1398 ἓ.
822 1316 872 1383 Π.

329 1558 359 1624 Ι.
386 1543 584 1625 Abrahamo
608 1579 696 1624 anno
712 1557 846 1626 Christi
864 1557 941 1625 120.
960 1558 1136 1640 defuncto,
1154 1556 1306 1624 Jacobus
1329 1577 1382 1622 er·

263 1665 501 1756 chiepisoopus
514 1671 550 1732 et
562 1664 840 1732 Christianorum
853 1665 1003 1732 omnium
1016 1665 1052 1730 in
1064 1662 1383 1753 Parthico-persico

265 1773 410 1862 imperio
434 1773 659 1841 existentium
682 1772 817 1840 Primae
841 1773 1021 1840 successit.
1046 1771 1175 1840 Jacobo
1195 1794 1284 1839 anno
1301 1769 1380 1838 139.

265 1880 376 1950 vitam
391 1880 571 1949 mortalem
587 1881 624 1948 in
641 1879 869 1950 immortalem
882 1879 1108 1948 commutanti
1124 1880 1293 1947 suffectus
1310 1879 1385 1946 fuit

263 1987 506 2056 Achadabues.
533 1987 601 2056 Hic
625 2011 730 2078 quum
754 1985 990 2070 Antiochiam,
1018 1985 1058 2054 de
1082 2008 1186 2070 more,
1212 2007 1385 2052 summum

265 2093 497 2162 sacerdotium
521 2100 748 2183 suscepturus
772 2095 929 2183 praefato
953 2115 1010 2160 an.
1026 2091 1102 2160 139.
1128 2097 1220 2160 esset
1239 2092 1382 2172 missua,

264 2200 314 2268 ibi
337 2201 429 2290 apud
453 2201 651 2269 Praecidam
678 2197 853 2292 tamquam
877 2202 1061 2268 Persarum
1091 2200 1289 2290 explorator
1311 2220 1386 2266 uua

266 2331 343 2378 cum
368 2309 459 2378 socio
482 2307 639 2397 Jahjesu,
655 2309 793 2376 delatus
817 2307 900 2375 fuit.
928 2307 1148 2397 Quapropter
1175 2313 1387 2374 memoratus

264 2415 428 2504 Jabjesus
453 2439 529 2483 cum
554 2415 688 2505 hospite
704 2416 741 2482 in
758 2438 893 2483 crucem
910 2415 981 2482 suit
996 2415 1168 2497 sublatus,
1187 2437 1288 2505 quam
1305 2435 1385 2502 poe·

264 2543 344 2588 nam
365 2521 595 2590 Achadabues
627 2543 762 2612 quoque
793 2521 978 2606 subiisset,
1007 2520 1077 2587 nisi
1102 2519 1386 2610 Hierosolymam

176 2624 177 2628 ’
265 2628 491 2718 profugisset.
511 2629 567 2695 Ibi
583 2629 765 2696 ordinatus
782 2627 975 2696 Seleuciam
992 2627 1200 2696 Parthorum
1224 2626 1384 2716 repetiit.

264 2736 395 2804 Fertur
416 2737 669 2826 pontificatum,
688 2759 770 2827 pace
794 2737 971 2806 Ecclesiae
996 2737 1061 2804 sub
1083 2735 1233 2804 Chosroe
1256 2742 1292 2804 et
1314 2733 1386 2810 Vo-

263 2843 379 2933 logese
402 2845 451 2912 H.
477 2867 656 2930 concessa,
690 2845 883 2936 tranquille
914 2844 1179 2912 administrasse
1207 2865 1314 2934 usque
1338 2843 1388 2911 ad

264 2973 391 3020 annum
416 2951 508 3038 159,
535 2976 602 3044 quo
625 2953 703 3042 ejus
726 2954 843 3022 obitus
867 2952 1106 3042 consignatur.

266 3244 354 3306 Quum
373 3248 466 3297 autem
493 3245 627 3298 accersiri
647 3248 676 3297 et
694 3244 730 3298 ad
749 3259 778 3296 se
799 3245 941 3298 introduci
960 3246 1101 3298 hominem
1122 3244 1275 3313 jussisset,
1297 3247 1386 3312 atque

265 3337 402 3387 moestum
421 3335 591 3402 tristemque
610 3335 825 3402 conspexisset,
846 3351 972 3388 caussam
1000 3335 1136 3387 moeroris
1154 3334 1236 3386 illius
1258 3333 1386 3398 rogavit.

265 3425 320 3478 Ille
340 3441 406 3478 vero
425 3429 596 3491 conquestus
615 3425 672 3478 fuit
691 3425 723 3477 de
744 3425 828 3477 malis
847 3426 950 3492 quibus
964 3426 1026 3492 ipse
1039 3441 1097 3478 una
1109 3441 1168 3478 oum
1181 3425 1285 3491 populo
1305 3439 1353 3476 suo
1368 3440 1387 3476 a.

265 3515 362 3568 Persis
382 3516 565 3570 afficiebatur.
586 3517 645 3568 Rex
667 3515 828 3582 spopondit,
851 3516 876 3568 si
897 3515 1009 3582 quidem
1022 3515 1163 3569 Abraham
1183 3516 1275 3582 ipsius
1294 3514 1388 3567 fllium

266 3608 419 3658 sanaturus
438 3609 515 3658 esset
532 3606 666 3658 continuo
686 3622 716 3658 se
735 3607 958 3673 persecutionem
979 3605 1180 3658 adhristienis
1194 3606 1386 3658 sublaturum.

265 3693 385 3748 Sanetus
404 3695 503 3762 itaquo
522 3695 580 3762 vir,
602 3695 676 3748 fusis
696 3695 732 3748 ad
747 3697 833 3747 Deum
853 3696 992 3761 precibus,
1014 3711 1155 3762 manuque
1174 3696 1234 3748 filio
1247 3695 1323 3760 regis
1337 3695 1388 3746 im-

266 3786 370 3851 posita,
395 3800 455 3836 eum
476 3786 597 3838 sanitati
616 3785 762 3837 restitnit:
783 3788 868 3851 etque
888 3785 931 3838 ita
950 3801 1006 3852 pax
1025 3785 1139 3838 reddita
1158 3789 1203 3838 est
1223 3784 1385 3838 Fidelihus.

337 3870 379 3948 (1)
399 3875 585 3927 'theodoritus
604 3875 635 3926 in
650 3875 727 3928 Hist.
748 3875 842 3938 Relig.
863 3873 961 3941 docet,
983 3890 1054 3942 quae
1073 3876 1154 3942 prius
1172 3874 1294 3942 Assyria
1313 3873 1387 3928 dice-

267 3965 351 4017 batur
370 3963 501 4030 deinceps
518 3963 692 4032 Adjabenem
711 3965 801 4016 fuisse
820 3966 1011 4030 appellatam,
1033 3967 1062 4016 ct
1081 3980 1151 4030 quae
1170 3964 1385 4032 Mesopotamia,

267 4053 491 4117 Parthyaeorum
509 4054 662 4117 Regionum
680 4054 770 4107 fuisse
789 4057 988 4120 nuncupatam.

339 4136 381 4218 (2)
401 4143 504 4194 Bsron.
526 4159 572 4194 an.
586 4144 630 4195 44.
651 4160 679 4200 n.
695 4145 739 4197 66.
756 4147 793 4197 el.
807 4145 929 4210 Basnag.
949 4142 1053 4196 Annal.
1071 4147 1137 4197 tom.
1153 4145 1174 4196 Ι.
1191 4159 1255 4213 pag.
1273 4142 1337 4195 553.
