3036 4750
718 182 939 307 ¹add--

290 367 373 436 licet
388 365 483 433 hisce
509 384 624 456 oquae
639 364 735 432 sedet
750 365 786 432 in
804 365 962 434 Sessione
982 366 1150 455 primarie
1166 366 1353 435 charitatis
1369 369 1405 434 in

289 475 382 561 Lege
394 471 527 538 Christi
547 497 562 531 o
582 491 669 561 quae
685 473 791 539 verba
807 494 888 540 sane
903 479 975 540 tam
992 472 1062 541 late
1079 480 1196 560 patere
1220 473 1408 540 ostendunt
1512 511 1513 532 1

290 583 493 669 potestatam
510 577 686 646 Ecclesiae
703 579 887 665 Romanae,
907 588 1073 670 qnantum
1091 581 1168 670 ipsa
1192 582 1264 650 Lex
1284 581 1405 649 Chari-
1512 569 1513 620 ³

290 686 388 766 tatis,
414 708 475 754 seu
498 684 636 773 Religio
660 684 872 755 Christiana.
900 689 1072 758 Probatur

296 858 302 870 ,
357 792 392 876 b)
416 790 510 872 Quia
532 790 700 881 alioquin,
727 791 957 881 intelligendo
980 793 1117 864 scilicet
1139 795 1246 863 verba
1276 795 1340 862 illa
1360 797 1406 862 ‚de
1512 849 1513 888 Ξ

290 897 524 988 praesidentia
546 897 661 982 locali,
688 898 826 988 ineptus
851 923 972 970 sensus
994 902 1209 986 redderetur;
1230 943 1273 954 -
1287 903 1406 970 Primo
1512 951 1513 992 p

290 1005 426 1098 quidem
461 1005 493 1072 si
526 1005 567 1074 de
602 1005 679 1094 ipsa
713 1006 872 1076 Ecclesia
905 1010 1060 1078 Romana
1094 1009 1409 1119 intelligerenturt

289 1114 417 1203 inquo
451 1101 557 1196 oasu',
584 1113 674 1182 idem
697 1119 788 1183 esset
821 1137 862 1185 ac
894 1116 1030 1185 dicere:
1062 1117 1219 1186 Ecclesia
1250 1119 1408 1188 Romana
1512 1107 1513 1172 1

289 1221 465 1310 praesidet
487 1221 524 1288 in
547 1220 705 1289 Ecclesia
721 1215 886 1310 Romana5
906 1265 948 1276 -
965 1223 1122 1294 Secundo
1146 1247 1228 1292 vero
1251 1247 1318 1292 non
1342 1225 1407 1292 mi·
1512 1293 1513 1296 ,

289 1352 355 1397 nus
378 1328 533 1410 insulse,
563 1349 603 1396 ea
626 1328 667 1396 de
690 1327 858 1398 Ecclesiis
889 1332 1010 1419 parvis
1032 1331 1273 1420 adjacentibus
1303 1355 1407 1422 expo-

288 1441 478 1504 nerentur:
508 1442 583 1505 tum
611 1435 693 1527 quis
724 1435 760 1506 id
788 1439 945 1507 omnibns
969 1440 1137 1508 Ecclesiis
1165 1439 1338 1508 Matribus
1369 1447 1408 1508 et

289 1545 425 1634 magnis
448 1549 502 1612 est
525 1566 712 1628 commune,
739 1549 775 1612 et
797 1569 865 1614 non
888 1555 964 1616 erat
988 1537 1050 1616 cir
1073 1549 1237 1636 Ignatius
1252 1549 1336 1616 adeo
1354 1571 1407 1615 so·
1512 1559 1513 1626 1

290 1651 449 1719 lemniter
472 1656 508 1718 et
530 1651 712 1739 magnifice
729 1652 770 1719 de
786 1675 827 1719 ea
843 1657 1055 1730 auctoritate
1071 1656 1288 1724 communiet
1304 1655 1410 1723 obvia
1512 1667 1513 1744 1

290 1760 501 1850 loqueretur:
519 1764 593 1826 tum
610 1757 693 1849 qnia
716 1760 930 1828 contrarium
947 1762 1121 1830 evincitur
1138 1784 1178 1829 ex
1197 1785 1287 1830 more
1303 1763 1409 1850 Igna-

290 1868 345 1952 tii,
363 1867 434 1958 qui,
453 1867 483 1934 si
496 1867 537 1934 de
549 1865 748 1934 huiusmodi
762 1869 969 1938 auctoritate
981 1870 1157 1939 Ecclesiae
1169 1871 1342 1940 Romanae
1354 1871 1409 1938 in·

291 1975 360 2044 sita
373 1974 409 2041 in
422 1972 985 2062 adjacentesEcolesias,voluisset
1000 1978 1049 2044 ibi
1061 1977 1267 2046 mentionem
1278 1979 1407 2061 facere,
1512 2009 1513 2042 1

290 2085 514 2171 perverbum
539 2087 733 2178 apricitatem
756 2082 959 2170 praesidere,
985 2085 1074 2152 idem
1098 2085 1240 2154 fecisset
1263 2092 1298 2152 et
1324 2085 1410 2154 aliis
1512 2145 1513 2164 2

291 2191 460 2261 Ecclesiis
488 2197 653 2280 scribens,
679 2193 882 2287 praesertim
905 2193 1099 2282 Ephesinae
1125 2200 1161 2261 et
1185 2192 1407 2282 Smyrnensi,

252 2391 255 2400 ,
291 2323 378 2391 quae
400 2303 518 2391 plures
541 2304 731 2388 Ecclesiae*
749 2304 826 2394 pari
843 2302 1023 2391 supposita
1046 2301 1239 2390 primatiali
1254 2302 1410 2370 auctori·

292 2413 378 2494 tate,
395 2415 479 2480 tuno
495 2418 530 2481 et
546 2413 706 2502 deinceps
721 2413 901 2501 regebant.
918 2409 1018 2493 Quod
1034 2431 1138 2500 quum
1155 2409 1205 2476 ibi
1221 2431 1287 2500 non
1305 2409 1411 2476 fecis·
1512 2419 1513 2470 3

291 2522 355 2598 set,
371 2521 408 2584 at
424 2519 491 2586 soli
506 2519 685 2589 Ecclesiae
697 2521 872 2588 Romanae
888 2517 924 2586 id
940 2519 1172 2600 attribuisset,
1188 2516 1412 2584 inferendum
1512 2519 1513 2580 i

290 2621 396 2692 huius
419 2625 594 2695 Ecclesiae
618 2631 822 2716 potestatem
843 2647 904 2692 eeu
920 2624 1188 2713 praesidentiam
1205 2624 1248 2690 ab
1265 2623 1412 2712 Ignatio
1512 2685 1513 2688 ,

290 2736 469 2817 assertam,
489 2735 737 2802 oecumenicam
754 2755 910 2801 essenon
934 2732 1095 2820 topicam.
1121 2733 1294 2798 Probatur

357 2850 388 2931 c)
412 2847 466 2914 Ex
490 2850 606 2917 verbis
627 2850 702 2916 illis
722 2849 799 2916 usit
810 2847 866 2915 illi
886 2847 1077 2932 (Ecclesiae
1090 2846 1231 2935 Syriae)
1250 2846 1411 2914 charitas
1465 2925 1468 2930 Δ

291 2960 409 3022 vestra
442 2955 656 3045 inspectrix,
682 2983 697 3018 n
732 2957 912 3024 deficiente
939 2978 1057 3044 nempe
1086 2955 1258 3044 Episcopo
1282 2953 1409 3020 illius:

289 3061 356 3129 Ubi
372 3061 541 3151 inspectio
558 3063 595 3130 in
612 3086 714 3132 sensu
729 3062 980 3131 auctoritative
1003 3069 1057 3130 est
1071 3061 1282 3151 accipienda,
1308 3084 1411 3130 secus

289 3169 380 3236 nihil
404 3169 559 3258 juvisset
592 3194 653 3261 pro
686 3173 772 3239 bono
794 3171 949 3238 fidelium
973 3170 1010 3236 iu
1035 3170 1192 3238 absentia
1218 3169 1408 3259 Episcopi;

288 3301 399 3369 neque
427 3285 512 3345 tunc
539 3286 622 3346 nota
648 3285 744 3362 erat,
771 3300 873 3370 quam
900 3278 1146 3365 excogitarunt
1175 3269 1341 3344 neoterici
1367 3279 1412 3345 de
1512 3335 1513 3372 ᾖ

290 3386 442 3474 primatu
470 3385 638 3475 simplicis
656 3387 881 3475 inspectionis
905 3408 945 3454 ac
968 3385 1171 3453 directionis
1199 3384 1288 3452 idea.
1318 3383 1411 3451 Oto·
1512 3379 1513 3384 ’

289 3497 428 3560 ritatem
451 3517 533 3563 vero
549 3493 675 3588 ubique
692 3517 754 3583 pro
767 3507 936 3582 potestate
951 3499 1097 3583 usurpat
1114 3492 1292 3582 piissimus
1304 3491 1408 3559 Joan·

290 3602 357 3687 nis,
383 3601 577 3671 Charitatis
599 3601 772 3691 Apostoli,
798 3601 983 3670 Alumnus.

355 3709 460 3777 Hisce
484 3708 679 3777 rationibus
703 3709 872 3794 omnibus,
891 3710 934 3777 ad
959 3731 1078 3777 verum
1103 3729 1239 3776 sensum
1264 3706 1413 3774 locutio-

290 3816 345 3884 nis
361 3815 568 3904 Ignatianae
585 3815 850 3905 explanandum,
867 3816 930 3884 lux
945 3821 982 3884 et
997 3817 1103 3884 robur
1118 3815 1252 3884 accedit
1267 3837 1308 3882 ex
1324 3815 1412 3882 aliis
1512 3839 1513 3844 ¹

290 3922 444 4012 ejusdem
468 3923 580 3991 sancti
604 3922 732 4008 verbis,
759 3923 819 3992 ubi
837 3923 926 3992 dicit
941 3923 1104 3990 Romanis
1123 3947 1220 3989 anon
1238 3923 1331 3989 sicut
1347 3922 1411 3988 Pe·
1512 3943 1513 4000 3

290 4037 368 4098 trus
391 4038 426 4098 et
450 4030 583 4100 Paulus
606 4030 781 4122 praecipio
805 4033 905 4099 vobis
930 4037 996 4100 etc.
1023 4059 1038 4094 n
1069 4030 1132 4100 hoc
1155 4031 1245 4099 enim
1268 4029 1412 4098 eviden-
1512 4021 1513 4038 ³

290 4145 344 4206 ter
368 4137 497 4206 alludit
519 4137 563 4206 ad
594 4139 782 4207 adventum
806 4139 903 4208 Petri
933 4139 1096 4223 Romam,
1115 4139 1259 4231 ejusque
1282 4137 1319 4206 in
1344 4139 1412 4208 illa
1512 4153 1513 4188 1

291 4245 380 4314 Sede
402 4244 661 4333 Episcopatum.
