3056 4756
754 179 933 245 ..92-

286 302 444 394 deposita
465 301 628 394 Corpora,
648 304 837 374 dicuntur:
862 303 1054 393 Resupicm
1078 301 1255 370 Ecclesiae
1271 301 1400 388 sortic-

286 411 417 492 ec‘mum,
444 425 475 476 et
498 435 597 500 opum
615 411 750 500 fontem
773 415 811 477 ia
833 413 984 500 pluriam
1009 409 1154 479 Obrietc'.
1181 408 1351 478 Absolute
1368 415 1403 477 et

286 517 432 588 fidenter
466 519 531 588 hoc
565 521 646 590 istic
681 519 865 589 asseritur.
902 520 1067 588 Jamvero
1099 518 1182 610 quid
1213 517 1326 608 magis
1359 518 1404 584 ad

287 625 434 714 gloriam
458 625 592 695 Christi
616 629 770 714 confert,
797 635 834 696 et
858 629 942 720 quid
966 627 1078 716 magis
1102 627 1335 694 neceesarium
1360 625 1405 693 ad

287 733 445 802 inimicos
467 735 643 804 Ecclesiae
666 736 881 825 repellendos
904 741 941 803 et
956 736 1000 803 ad
1018 757 1138 805 verum
1161 733 1333 802 auxilium
1349 733 1406 799 ob-

287 842 479 927 tinendum,
506 867 608 934 quam
632 845 824 912 subsidium
848 844 987 932 gratiae
1016 842 1244 933 particularis
1267 842 1305 908 in
1329 864 1407 930 pre·

288 953 519 1020 servationem
550 954 592 1019 ab
622 953 751 1021 erroris
782 951 979 1042 potestate?
1008 951 1086 1020 Non
1116 951 1258 1018 obscure
1290 949 1409 1037 igitur
1516 943 1517 946 '

288 1056 353 1124 hoc
369 1058 567 1126 testimonio
583 1059 760 1128 declarata
774 1055 942 1127 elucescit
964 1057 1142 1126 Ecclesiae
1164 1058 1352 1140 Romanae,
1368 1077 1410 1122 ac

289 1165 432 1254 proinde
454 1165 608 1254 ejusdem
619 1168 777 1235 Pastoris
799 1165 1091 1235 indefectibilitas
1107 1172 1142 1234 et
1157 1163 1355 1232 inerrantia
1371 1164 1410 1230 in

291 1271 378 1340 Fide
401 1277 437 1340 et
459 1274 639 1342 Doctrina:
666 1275 709 1357 Q.
724 1273 767 1342 E.
781 1275 824 1343 D.

775 1499 806 1573 ἓ.
826 1491 929 1560 VIII.

118 1728 219 1774 nonum
235 1735 279 1768 cr-
359 1707 439 1775 Jam
455 1704 609 1793 allegavi
626 1704 700 1772 c.2.
720 1712 751 1786 ἓ.
772 1704 840 1772 ΠΙ.
859 1704 1095 1794 Antiphonem
1118 1708 1198 1770 ante
1216 1701 1415 1770 Sessionem
1516 1761 1517 1806 t

68 1791 214 1847 gumentnm
223 1798 278 1830 rur·
295 1816 303 1830 .

68 1867 124 1898 sum
144 1865 174 1897 ex
194 1847 278 1895 onero
293 1839 329 1882 ιιι
352 1813 470 1882 Officio
493 1811 615 1881 Divin.
641 1811 777 1880 Domin.
797 1812 830 1879 2.
857 1811 1095 1880 Dedicationis
1119 1831 1180 1878 sen
1205 1808 1438 1884 Sanctifica-⁴

68 1910 280 2024 fflnssffimffi}
292 1921 399 1991 tionis
422 1920 600 1989 Ecclesiae
624 1919 703 1987 cani
728 1919 884 2004 solitam,
913 1941 1000 2010 quae
1024 1918 1074 1986 sic
1097 1917 1259 1986 habetur:

67 2040 119 2086 culi
148 2038 281 2084 deducitur
363 2027 501 2094 cRoma
524 2026 624 2094 dicit:
639 2025 676 2092 in
699 2026 958 2114 generationem
981 2025 1244 2114 generationum
1268 2029 1341 2094 stat
1357 2047 1415 2092 ae·

67 2116 113 2161 pro
135 2105 205 2147 Rom.
227 2102 279 2145 Ec-

68 2166 161 2211 cnsne
179 2162 280 2208 incen-
294 2135 435 2202 dificata
457 2133 634 2202 Ecclesia:
659 2139 694 2202 et
715 2157 784 2201 non
808 2133 969 2202 vincetur
991 2157 1053 2201 nec
1077 2155 1098 2200 a
1121 2133 1276 2220 Regibus
1300 2153 1416 2222 neque
1516 2193 1517 2212 ,

68 2227 210 2276 etiamne·
295 2263 316 2308 a
338 2240 626 2310 Potestatibus.n

362 2348 420 2416 Sic
432 2348 593 2434 cantitat,
610 2349 660 2416 sic
673 2349 801 2432 oravit,
817 2349 867 2415 sic
880 2347 1101 2437 profitebitur
1118 2346 1316 2414 Communio
1333 2348 1413 2414 uni-

294 2478 396 2525 versa
408 2457 705 2539 Nestorianorum,
720 2457 812 2524 omni
828 2459 942 2523 aetate
955 2462 991 2523 et
1004 2478 1111 2545 usqne
1127 2456 1172 2523 ad
1188 2455 1301 2523 finem.
1316 2453 1340 2522 J
1342 2477 1416 2522 am-

296 2585 377 2634 vero
400 2564 478 2632 heic
501 2565 778 2634 animadvertere
802 2570 970 2654 praestat:

362 2673 406 2740 1⁰.
431 2673 588 2760 Ingenuo
612 2673 778 2758 cuilibet,
804 2673 914 2762 primo
938 2671 1087 2754 intuitu,
1114 2670 1247 2760 liquide
1270 2677 1414 2760 patere:

295 2781 385 2848 hanc
407 2781 632 2870 antiphonam
656 2782 700 2848 ad
723 2781 881 2850 divinum
905 2779 1083 2848 oraculum
1106 2780 1277 2848 Matthaei
1299 2779 1354 2846 16.
1371 2779 1417 2846 18

294 2887 496 2976 hujusmodi
518 2909 657 2978 praese
680 2889 772 2956 ferre
795 2888 1013 2970 allusionem,
1042 2892 1083 2955 ut
1100 2887 1203 2955 facile
1226 2887 1336 2976 possit
1353 2883 1418 2976 per

295 2994 537 3084 paraphrasim
560 2995 609 3062 sio
632 2994 755 3063 reddi:
786 3024 801 3058 c
820 2995 916 3063 Dicit
938 2995 1047 3062 Roma
1070 3017 1174 3084 penes
1198 3017 1249 3061 me
1273 3001 1327 3062 est
1349 2995 1418 3060 illa

295 3103 453 3170 Ecclesia
477 3125 564 3194 qnae
587 3103 793 3192 principalis
816 3109 881 3188 est,
896 3108 932 3170 et
954 3103 991 3168 in
1016 3123 1084 3192 qua
1107 3108 1161 3169 est
1184 3103 1225 3168 B.
1241 3102 1417 3170 Petrimei

295 3209 400 3298 primi
422 3209 609 3276 Antistitis
628 3213 665 3277 et
680 3209 815 3276 Satoris
831 3209 1016 3291 Cathedra,
1036 3231 1258 3299 superquam
1274 3233 1336 3276 ceu
1353 3209 1418 3276 Pe·
1516 3197 1517 3204 ἵ

295 3324 387 3385 tram
410 3316 703 3384 fundamentalem
727 3320 927 3383 constructa
951 3315 1022 3382 fuit
1045 3337 1122 3381 cum
1138 3337 1223 3400 mea,
1242 3322 1318 3382 turn
1335 3316 1420 3383 reli·

297 3445 365 3513 qua
386 3423 424 3490 in
446 3422 618 3491 Universa
641 3421 772 3489 diffusa
798 3421 967 3508 Ecclesia,
987 3427 1023 3489 et
1045 3419 1120 3489 ideo
1144 3421 1270 3490 Portae
1294 3423 1416 3507 inferi,
1516 3427 1517 3430 ’

298 3531 469 3620 Tyranni,
504 3531 650 3616 scilicet,
682 3531 823 3600 adversi
847 3554 972 3616 omnes,
998 3536 1034 3598 et
1065 3533 1285 3599 tenebrarum
1317 3532 1420 3600 Pote-

298 3643 407 3708 states
437 3662 505 3706 non
535 3639 789 3727 praevalebunt
818 3639 851 3708 ei
878 3639 915 3705 in
939 3639 1197 3728 generationem
1220 3639 1420 3728 generatio-

298 3771 391 3831 num,
410 3745 575 3814 nimirum
599 3745 635 3813 in
659 3753 885 3815 aeternum.»

364 3854 409 3922 2⁰.
428 3854 639 3943 Hujusmodi
661 3855 835 3922 Romanae
858 3855 933 3922 sive
956 3853 1126 3922 Civitatis
1150 3853 1224 3924 sive
1240 3853 1421 3924 Ecclesiae

299 3961 524 4052 proclamatio
549 3961 723 4047 solemnis,
749 3963 786 4030 in
816 3961 922 4030 read
953 3962 1056 4030 fidem
1079 3964 1294 4053 pertinente,
1320 3966 1420 4033 etin

299 4069 417 4138 Officio
440 4069 570 4139 Divino
593 4074 629 4138 et
651 4069 795 4138 Publice
818 4070 963 4154 inserta,
981 4069 1082 4138 debet
1104 4076 1208 4155 certe,
1227 4069 1325 4138 nullo
1348 4095 1420 4140 non

299 4185 463 4266 tempore,
489 4177 686 4246 reverentia
707 4182 744 4246 et
767 4177 867 4246 cultu
889 4200 910 4246 a
932 4177 1165 4264 Nestorianis,
1192 4178 1297 4268 juxta
1318 4201 1421 4248 suam
