3046 4756
577 269 619 279 -
644 231 708 296 175
733 269 775 280 -

112 351 371 443 philosophicis
396 353 594 444 disciplinis
613 355 817 426 claruerunt
833 358 895 444 (1).
914 356 1097 428 Excellent
1112 356 1239 425 Bardo-

122 552 313 562 ...—

116 666 266 719 Indiarum
296 665 436 733 episcopia
470 670 610 720 carerent.
637 667 715 720 Idem
753 669 824 722 alibi
853 669 887 722 de
911 669 1103 737 dependentia
1129 671 1241 724 Iuecla-

117 772 178 808 rnm
209 755 388 809 Ohcrcsanae
405 759 434 808 et
454 757 618 810 Baetrcrum
636 774 653 809 a
673 757 743 810 Sede
764 759 938 812 Seleneicnsi
958 760 1096 826 loquitur.
1116 761 1242 827 idipsum

117 847 270 912 colligitur
290 847 324 898 de
335 847 473 914 Sinarum,
487 847 644 914 Terentiae,
659 848 836 916 Bactrianae,
857 851 1123 917 Transaxionacque
1144 853 1243 905 Nesto·

116 938 210 989 rianis
231 953 266 989 ex
285 942 462 990 monumento
487 937 599 1004 lapideo
619 938 797 992 Chumdanae
818 941 848 991 in
868 941 938 993 Sina
959 944 1081 994 erectum
1101 956 1147 994 an.
1160 941 1241 994 chri-

117 1029 157 1079 sti
171 1027 236 1080 781.
248 1029 278 1078 et
297 1042 331 1078 ex
348 1027 494 1080 Timotheo
514 1027 684 1080 Patriarcha
706 1030 828 1096 aliisque
847 1029 941 1083 ecdem
955 1032 1031 1086 Saea.
1047 1032 1128 1088 VIII.
1145 1035 1174 1084 et
1186 1033 1237 1084 IX.

190 1118 296 1171 Missos
315 1117 388 1170 facio
407 1119 581 1184 posteriores
600 1119 745 1172 Timotheo
764 1122 788 1172 Ι.
809 1121 1009 1189 Patriarehas,
1031 1123 1078 1189 qui
1099 1123 1238 1189 dispersis

116 1225 168 1276 per
187 1209 379 1276 Hyrcaniam,
400 1209 600 1276 Bactrianam,
622 1210 904 1277 Transoxiananam,
925 1212 1095 1279 Tartariam,
1118 1212 1242 1280 Indiam,

116 1299 215 1364 Sinas,
237 1297 391 1364 Persidem,
411 1297 556 1364 Arabiam,
578 1302 607 1350 et
625 1298 786 1364 Aegyptum
805 1298 950 1366 Sectariie,
967 1301 1120 1368 Episcopos
1141 1304 1240 1368 praed-

115 1404 180 1442 cere
200 1405 352 1456 numquam
366 1387 552 1442 destiterunt.
567 1389 738 1442 Novissimis
758 1405 825 1443 vcro
839 1391 1012 1458 temporibus
1024 1393 1189 1445 Nestoriani
1205 1393 1235 1445 in

117 1483 205 1536 India
223 1482 397 1536 Melabarioa
415 1481 528 1549 quidem
547 1484 578 1535 in
599 1482 668 1536 duas
688 1485 785 1549 partes
799 1483 889 1537 divisi
908 1489 985 1551 sunt,
1007 1485 1060 1537 alii
1074 1486 1235 1538 nimirums

117 1574 267 1628 conversis
280 1590 297 1627 a
310 1573 423 1627 Vicario
439 1573 602 1642 Apostolioo
612 1576 817 1641 gubernantur,
834 1575 886 1626 alii
900 1575 935 1627 ab
949 1591 996 1628 an.
1012 1574 1089 1626 1663.
1105 1574 1239 1640 Syrorum

116 1667 135 1718 J
138 1666 313 1718 acobitarum
323 1665 422 1718 Eitum
435 1669 464 1717 et
476 1665 615 1717 haeresim
629 1668 825 1731 susceperunt,
839 1669 868 1718 et
889 1665 971 1716 illius
992 1664 1089 1717 Seciae
1102 1665 1240 1731 Episcopo

117 1755 260 1820 hodieque
273 1757 384 1820 parent.
399 1755 433 1805 In
444 1755 565 1820 Imperio
579 1769 646 1806 vero
656 1754 815 1818 Ottomanc,
829 1757 858 1804 et
872 1754 969 1816 Eegnc
982 1753 1095 1805 Persico
1110 1754 1158 1820 qni
1171 1754 1239 1805 item

117 1845 253 1898 nnicnem
271 1843 446 1896 Catholicam
466 1847 535 1896 sunt
553 1843 676 1909 amplexi
691 1859 707 1894 a
721 1842 890 1895 Patriarcba
909 1843 1102 1908 Babylcuensi
1126 1844 1241 1911 ejusque

118 1933 310 2000 suffraganeis
323 1933 517 1986 Antistitlbos
536 1936 692 2000 reguntur3
714 1933 801 1985 ceteri
820 1937 913 1986 autem
933 1949 1047 2001 omnes,
1073 1935 1123 2001 qui
1146 1933 1237 1987 adhue

117 2029 149 2078 in
164 2026 280 2078 haeresi
299 2025 459 2091 persistunt
483 2024 675 2077 subiiciuntnr
693 2024 890 2091 Patriarchis,
916 2027 965 2092 qni
977 2026 1043 2093 jure
1062 2024 1239 2078 hereditario

120 2115 286 2180 succedunt,
307 2117 337 2166 et
354 2114 536 2166 Nestorianis
555 2116 684 2167 omnibns
698 2113 891 2181 dominantur,
909 2119 1053 2183 assumpto
1072 2117 1184 2169 nomine
1198 2117 1240 2170 Si-

118 2206 237 2272 meonis,
258 2204 356 2258 Sedem
375 2204 513 2256 habentes
532 2204 563 2255 in
582 2205 657 2269 Pago
677 2205 817 2258 Kooiancs
837 2221 922 2273 prope
940 2205 1014 2259 flues
1033 2205 1147 2259 Persiae
1168 2209 1234 2274 sito,

122 2297 153 2348 in
175 2296 376 2348 Kurdistanie.

192 2382 235 2458 (1)
253 2386 436 2453 Quamquam,
453 2385 524 2452 proh
545 2385 637 2437 dolori
659 2399 731 2451 pene
751 2401 846 2438 omnes
865 2387 917 2439 isti
937 2385 1117 2452 naufragium
1136 2389 1166 2440 in
1186 2387 1240 2440 fide

118 2475 251 2530 iecerint.
282 2468 350 2528 Inde
370 2476 474 2529 factum
494 2475 635 2540 existimo,
658 2473 731 2541 qued
751 2490 785 2526 ex
806 2491 899 2528 eorum
913 2477 1045 2542 operibns
1061 2476 1097 2530 ad
1111 2492 1161 2531 nce
1181 2478 1238 2530 nisi

548 2642 814 2655 ..μ-’.αμ-

118 2759 244 2823 iactam,
266 2757 345 2824 cujus
366 2755 477 2809 Codicis
505 2759 675 2822 prototypus
704 2756 825 2808 habetur
854 2757 885 2808 in
906 2755 1026 2809 (iceucb.
1047 2755 1241 2808 Hormirdatis
1270 2787 1274 2798 ι

119 2863 208 2915 prope
227 2847 363 2900 liaussul.
383 2848 514 2900 Jamvero
533 2845 600 2897 inde
619 2847 763 2899 habemus:
786 2846 821 2898 1⁰.
842 2847 954 2900 Revera
973 2846 1125 2900 caearaeos
1139 2843 1242 2920 (adsi-

119 2955 188 2990 nnm
207 2933 361 3008 Persicum)
381 2941 410 2989 et
424 2935 535 2988 Indiam
549 2935 584 2988 ad
598 2935 768 2989 Antistitem
787 2936 914 2988 Persidis
934 2951 1044 3004 semper
1056 2937 1240 3004 pertinuisse.

119 3029 158 3080 2⁰.
179 3028 271 3080 Unum
290 3027 433 3078 Ecclesiae
446 3026 580 3080 Ordinem
600 3029 629 3078 et
640 3027 738 3079 Ritum
751 3028 820 3078 illos
834 3028 1001 3080 observasse
1012 3042 1072 3078 oum
1081 3025 1242 3079 Anbarensi

120 3116 258 3182 Ecclesia,
271 3131 342 3181 quae
354 3121 417 3169 erat
435 3117 466 3168 in
477 3117 652 3181 Babylonica
662 3117 826 3169 Primatiali
838 3117 997 3183 Provincia,
1011 3116 1046 3168 ad
1056 3117 1241 3183 Euphratem.

118 3214 157 3262 3.⁰
175 3205 204 3257 S.
219 3205 352 3257 Thomam
370 3205 537 3272 Apostolum
556 3205 647 3257 fuisse
667 3207 785 3259 illorum
807 3207 837 3257 in
856 3205 1014 3271 Evangelio
1034 3206 1240 3258 institutorem.

119 3295 159 3346 4·.
175 3294 334 3346 Eorundem
356 3295 444 3347 luisse
455 3297 624 3362 Episcopum
638 3297 775 3349 Jcannem
786 3298 869 3350 illum
882 3300 1005 3364 Persam,
1021 3297 1069 3362 qui
1083 3313 1143 3350 cum
1157 3296 1242 3351 sca-
1259 3291 1265 3307 '

119 3385 188 3438 eobo
199 3383 311 3436 Nisibis
321 3383 404 3437 (lonc.
416 3385 541 3437 Nicaenc
552 3385 700 3438 interfuit.
714 3386 751 3438 δ’.
763 3388 842 3438 Hanc
854 3389 873 3440 J
875 3403 992 3440 oannem
1003 3388 1034 3439 in
1045 3387 1073 3439 S.
1086 3387 1242 3452 Eugenium

119 3475 306 3528 Monachatus
325 3474 399 3541 apud
419 3475 576 3528 Chaldaeos
591 3479 704 3529 Patrem
716 3479 848 3542 Magnum
864 3477 1000 3530 incidisse
1013 3493 1100 3544 prope
1110 3477 1237 3530 Nisibin.

120 3567 157 3618 δ”.
168 3564 341 3618 Mentionem
355 3580 425 3630 pene
437 3566 591 3630 synchroni
601 3567 750 3631 Kardaghi
761 3567 865 3632 Reguli
875 3568 1100 3635 Beth-Garmaei,
1113 3569 1142 3620 in
1155 3567 1243 3634 Assy-

119 3657 174 3722 ria,
193 3654 369 3706 nobilissimi
387 3656 539 3722 Martyris,
559 3656 739 3724 ejusdemque
757 3657 788 3708 in
808 3657 861 3710 ilde
881 3658 1081 3710 institutorum
1101 3657 1242 3726 Ebedjesu

118 3743 377 3810 Archimandritae,
399 3747 428 3797 et
440 3745 522 3798 Beris
536 3747 680 3813 eremitae,
704 3763 821 3813 quorum
842 3748 971 3814 alioquin
990 3746 1061 3800 Aeta
1074 3748 1175 3800 chald.
1198 3763 1243 3813 ge-

118 3836 210 3888 nuina
228 3834 259 3885 iu
278 3850 345 3886 mss.
358 3833 545 3901 possidemus.
567 3837 603 3888 7⁰.
619 3837 789 3890 Ocencbinm
809 3838 893 3889 illum
912 3836 940 3889 S.
953 3837 1075 3889 Thomae
1093 3839 1242 3890 exstitisse

116 3928 175 3995 jam
195 3926 262 3976 ante
281 3923 402 3976 concilii
422 3924 540 3978 Nicaeni
560 3929 695 3993 tempora,
709 3931 737 3979 et
753 3929 818 3979 ante
833 3925 1039 3993 discipulorum
1058 3927 1180 3992 Eugenii
1194 3944 1244 3994 per

119 4016 250 4080 Regnum
263 4013 406 4066 Persicum
421 4013 635 4082 dispersionem,
648 4020 678 4068 et
689 4017 891 4071 coenobiorum
910 4033 959 4084 per
981 4016 1091 4068 eosdem
1102 4015 1243 4069 fundatio-

119 4103 268 4167 nesticae
282 4105 376 4156 omnia
386 4103 490 4169 optimc
502 4104 654 4158 cohaerent
664 4122 724 4158 cnm
738 4109 835 4174 paullo
847 4107 964 4160 serioris
979 4106 1043 4159 aevi
1055 4105 1238 4173 documentis,

120 4191 290 4260 praesertim
312 4206 377 4244 vero
392 4207 452 4244 cum
465 4192 512 4259 iis,
530 4207 599 4259 quae
613 4209 647 4246 ex
666 4195 684 4248 J
686 4197 796 4264 esujabi
808 4195 954 4264 Adjabeni
967 4195 1117 4264 Epistolis,
1133 4197 1162 4248 et
1180 4193 1243 4248 Cos·

120 4299 181 4336 mae
201 4281 424 4350 Indiccplenstis
443 4283 650 4352 relationibus,
672 4288 783 4339 saeculo
810 4291 891 4340 sexto
911 4289 940 4340 et
960 4287 1080 4355 septimo
1098 4286 1243 4341 hebemus.
