3056 4756
594 181 772 248 ..65-

125 328 216 374 anno
231 306 418 376 secundum
431 307 592 391 Graecos,
605 305 704 374 1920.
724 307 774 392 (h.
788 329 818 375 e.
833 306 969 376 Christi
985 307 1087 393 1609)
1103 332 1163 398 per
1179 313 1242 379 Pa·
1379 339 1382 342 ·

124 418 213 482 trem
225 412 349 481 Adam.
363 441 379 476 n
394 413 484 482 Dein
507 414 571 480 ait:
589 413 690 502 «Ego
706 413 805 480 Elias
827 413 1047 482 humillimus
1066 420 1102 482 et
1121 416 1242 484 alieni·

13 605 14 608 Ἴ
125 543 216 609 gena
226 527 264 591 et
274 537 398 592 servus
411 523 576 591 minimus
587 522 611 590 J
613 543 674 590 cau
686 521 834 605 Christi,
845 522 906 613 qui
914 528 967 593 est
977 524 1070 592 Deus
1084 547 1189 594 verus
1200 547 1242 592 ex

13 611 14 636 ³
124 631 197 698 Deo
213 651 307 714 vero,
323 629 380 698 oui
396 653 457 719 per
472 631 636 720 gratiam,
651 636 687 700 et
702 635 840 720 praeter
856 653 932 700 mea
954 633 1089 716 merita,
1109 633 1243 700 credita

124 745 178 812 est
191 736 298 806 Sedes
315 737 439 829 quinta
457 737 508 826 (h.
519 740 566 823 e.)
585 737 789 826 Babylonis,
809 737 1002 826 genuflecto
1018 745 1099 806 ante
1116 739 1176 822 Te,
1192 745 1241 807 to·

123 849 199 912 tum
216 867 270 913 me
293 844 460 914 submitto
484 850 564 912 ante
587 845 690 933 pedes
714 851 853 912 sanctos
867 849 970 928 tuos,
997 867 1016 912 o
1039 845 1155 928 Peter,
1181 847 1242 936 qui

123 949 237 1040 locum
250 950 385 1018 obtines
400 950 498 1018 Petri
513 949 787 1018 Patrisfamilias
802 949 825 1018 J
827 972 887 1019 esu
904 949 1048 1036 Christi,
1064 974 1083 1018 o
1097 952 1242 1021 Domine

13 1049 14 1052 '
124 1059 219 1146 Papa
234 1065 354 1128 custos
368 1058 480 1143 Sedis,
497 1065 653 1149 quaeest
669 1057 782 1147 Caput
798 1059 949 1130 omnium
967 1061 1150 1129 Sedium...
1165 1061 1241 1150 Ego

123 1165 280 1234 balbutio
311 1171 392 1233 ante
421 1173 519 1234 tuam
552 1167 821 1255 paternitatem,
858 1173 1034 1258 tamquam
1068 1169 1241 1258 parvulus

121 1280 204 1343 ante
226 1280 371 1342 matrem
387 1296 484 1342 suam
501 1275 768 1358 misericordem,
787 1281 823 1342 et
841 1281 958 1364 repeto
982 1298 1089 1345 meam
1105 1276 1238 1362 Eidem,

123 1405 211 1474 quae
229 1381 328 1450 nullo
344 1382 442 1451 modo
458 1382 573 1451 aliena
588 1389 642 1451 est
658 1406 678 1450 a
694 1390 755 1451 tua
770 1383 869 1466 Fide,
884 1384 989 1451 etiam
1006 1385 1037 1452 si
1054 1384 1240 1475 aliquando

121 1491 298 1560 diminuta
319 1497 382 1561 aut
403 1490 524 1560 addita
548 1491 757 1560 videatur.»
783 1493 851 1560 Hic
878 1500 1033 1562 recenset
1055 1493 1159 1582 plura
1182 1491 1239 1560 Ei·

121 1601 177 1670 dei
194 1601 323 1691 capita,
343 1601 435 1669 inter
450 1621 538 1690 quae
561 1601 708 1689 perfidia
730 1601 933 1670 nestoriana
955 1603 1057 1687 latet,
1075 1609 1242 1692 utsupra

120 1709 241 1776 annui.
268 1709 319 1776 De
334 1705 493 1775 Ecclesia
515 1711 632 1776 autem
655 1708 810 1776 Romana
825 1731 1012 1777 sermonem
1028 1709 1161 1777 faciens
1177 1709 1240 1775 Pa·

118 1815 281 1884 triareha
303 1814 388 1884 haee
402 1814 548 1882 fatetur:
577 1813 721 1882 uEtiam
744 1813 897 1904 suscipio
912 1837 1020 1898 omne,
1036 1814 1126 1906 quod
1141 1815 1241 1883 docet

118 1924 226 1992 Sedes
251 1921 381 1992 Sancta
396 1919 600 2009 Apostolioa
622 1924 659 1988 et
681 1919 862 1990 Catholioa
884 1919 1043 1990 Ecclesia
1070 1925 1236 2006 Romana,

118 2031 212 2098 omni
235 2051 362 2098 amore.
397 2028 803 2118 Semperobtompcrabo
829 2029 1009 2098 ordinibus
1032 2035 1068 2099 et
1091 2030 1240 2099 decretis

117 2144 225 2228 atque
248 2137 387 2225 legibus
410 2135 591 2206 Pontificis
614 2134 764 2224 Magnae
786 2137 959 2206 Romae.»

186 2245 256 2312 HI.
282 2245 458 2313 Postremo
481 2250 721 2311 commemorat
744 2265 829 2334 opus
852 2245 891 2312 P.
910 2243 1009 2314 Adae
1030 2245 1239 2333 inscriptum

120 2352 427 2422 «Commentarius
451 2353 492 2419 de
514 2349 601 2418 Fide
624 2349 855 2421 Orientalium
886 2375 964 2420 cunr
989 2351 1076 2420 Fide
1099 2357 1240 2421 sanctae

116 2463 293 2530 Romanae
309 2459 486 2530 Ecclesiae
511 2458 755 2528 concilianda»
782 2460 872 2550 quod
899 2484 962 2549 per·
983 2461 1098 2550 ipsum
1121 2467 1238 2530 aucto-

13 2557 16 2580 *
116 2593 189 2638 rem
214 2593 286 2638 una
308 2591 383 2638 cum
407 2567 535 2637 ceteris·
553 2568 724 2656 praefatis
741 2569 885 2658 scriptis
908 2569 952 2636 ad
974 2569 1072 2638 Rom.
1093 2569 1254 2638 Pontia--

116 2702 189 2747 cem
214 2678 387 2760 mittebat,
402 2682 438 2744 et
461 2674 518 2744 cui
541 2675 626 2743 haec
649 2676 815 2764 praefigit
836 2675 936 2743 Elias
954 2677 1086 2744 «Decet
1102 2677 1242 2765 aperire.

116 2809 240 2854 verum
263 2790 344 2852 ante
366 2781 613 2872 paternitatem
637 2791 790 2852 sanctam
808 2783 931 2868 Tuam,
946 2807 965 2851 o
981 2785 1127 2852 Domine
1142 2783 1237 2874 Papa

114 2892 225 2963 Paule
233 2892 278 2976 V,
293 2889 425 2960 Corona
438 2889 731 2976 Christianitatis,
743 2889 900 2980 etCaput
911 2891 1062 2982 capitum
1076 2897 1111 2960 et
1123 2901 1237 2982 pasto-

114 3024 193 3069 rum
206 2998 385 3068 Ecclesiae
401 3003 542 3066 sanctae
554 3004 590 3066 et
601 2997 735 3068 alienae
751 3001 794 3066 ab
810 2999 902 3066 omni
916 2999 1066 3068 haeresi.
1081 3000 1152 3068 Diu
1165 2999 1256 3090 per?

111 3107 328 3200 quisivimus
351 3107 554 3195 diligenter,
580 3129 642 3175 nos
665 3106 873 3192 Orientales,
899 3107 940 3174 de
962 3108 1060 3192 Eide,
1088 3111 1251 3178 secunda

115 3217 182 3284 hac
199 3215 288 3300 vice,
312 3236 380 3306 qua
396 3213 439 3283 ad
455 3237 517 3281 nos
533 3214 674 3282 litterae
685 3221 766 3284 tuas
779 3215 919 3302 misisti;
934 3221 970 3283 et
983 3217 1107 3284 vocavi
1121 3217 1236 3284 Domi-

115 3346 199 3392 num
220 3321 417 3391 Gabrielem
433 3321 609 3391 Seniorem
632 3323 954 3413 Archiepiscopum,
973 3329 1008 3390 et
1024 3323 1236 3392 sacerdotem

114 3427 248 3500 Israel.
262 3481 270 3498 .
285 3480 292 3496 .
307 3434 343 3497 ct
365 3429 551 3498 Dominum
574 3429 688 3499 Adam
711 3431 882 3500 Abbatem
905 3435 940 3500 et
963 3430 1039 3498 dixi
1063 3430 1131 3499 eis:
1158 3453 1237 3522 quc-

113 3539 211 3606 niam
226 3538 264 3605 in
279 3543 401 3606 nostra
423 3538 563 3608 natione
585 3538 705 3610 nullus
726 3543 780 3606 est
798 3539 1032 3628 perspicacior
1048 3538 1166 3624 vobis,
1178 3537 1234 3606 de·

13 3697 14 3710 ,
114 3647 345 3715 terminemus
365 3645 450 3738 quid
474 3646 681 3715 faciendum.
715 3646 804 3716 Nam
831 3669 907 3715 ecce
929 3645 1015 3716 libri
1037 3646 1149 3713 nostri
1175 3645 1234 3712 ad-

114 3759 257 3822 monent
279 3775 341 3822 nos
358 3753 399 3822 de
415 3753 573 3822 Ecclesia
589 3760 711 3822 sancta
726 3758 762 3822 et
778 3753 864 3822 Sede
879 3754 1083 3844 Apostolioa
1094 3753 1234 3820 Domini

114 3863 229 3952 Papae
252 3859 381 3926 Romae
393 3863 409 3925 ι’
429 3887 445 3922 ιι
464 3859 637 3950 qnoniam,
658 3859 770 3944 aiunt,
789 3859 857 3927 iste
881 3866 934 3928 est
957 3859 1061 3928 Pater
1077 3866 1230 3948 patrum,

115 3971 221 4056 caput
236 3973 427 4056 pastorum,
445 3989 524 4036 eum
539 3967 671 4052 audite,
690 3972 726 4036 et
741 3990 809 4035 non
825 3966 996 4036 declinate
1013 3991 1034 4035 a
1053 3975 1235 4058 praecepto

13 4073 15 4084 ’
116 4076 225 4162 ejus.»
244 4073 294 4142 Et
316 4080 434 4162 patres
456 4075 569 4144 nostri
592 4075 779 4143 orientales
803 4097 918 4144 omnes
937 4097 1005 4158 eos,
1026 4075 1087 4165 qui
1110 4075 1152 4142 ab
1166 4076 1250 4142 Ec·⁴

117 4183 220 4248 etesia
244 4183 399 4249 Romana
423 4180 619 4268 defecerunt
646 4168 1046 4267 excommunicaverunt,
1072 4189 1108 4250 ct
1129 4183 1234 4250 simul

1095 4317 1114 4376 5
