3056 4756
736 190 911 256 ..72-

649 436 866 510 CAPUT
891 439 1000 509 111.
1030 461 1032 470 ¹

365 659 403 700 DE
429 657 612 703 SENTENTIA
634 661 908 706 NESTORIANORUM
932 661 1026 706 CIRGA
1051 663 1280 708 lucraturum
1328 699 1329 704 ,

297 763 421 808 aonam
444 767 644 830 rournslcm,
671 770 711 812 ΰΤ
736 769 908 816 accuratam
932 773 1146 820 uruvnasams
1169 771 1341 831 uocroaoe,

478 877 692 932 mnclsrnan,
718 879 761 924 EX
784 879 924 924 IPSORUM
948 880 1162 926 norvanum

715 987 919 1032 DEPROMPTA.
1172 954 1175 976 r

328 1183 360 1246 1.
385 1182 569 1250 Articulue
592 1184 659 1252 iste
687 1185 799 1253 veluti
830 1187 1082 1254 consectarium
1113 1193 1167 1256 est
1196 1184 1380 1254 habendus

261 1311 377 1358 eorum
391 1341 399 1373 ,
415 1312 513 1381 quae
536 1291 578 1360 de
600 1291 642 1360 B.
661 1291 778 1378 Petri,
804 1295 1026 1386 ejusdemque
1049 1296 1086 1362 in
1109 1295 1275 1363 cathedra
1310 1297 1379 1364 Rc-

262 1419 362 1467 mana
385 1400 650 1483 successoribus,
677 1400 714 1468 in
738 1402 903 1470 universa
924 1402 1084 1472 Ecclesia
1110 1404 1328 1492 Principatu,
1354 1427 1378 1471 a

259 1501 398 1571 Christo
415 1504 560 1572 Domino
577 1505 714 1591 collato,
734 1507 922 1598 hucusque,
938 1509 974 1576 in
990 1509 1276 1596 praecedentibus
1290 1509 1375 1577 duo-

259 1609 323 1678 bus
354 1611 545 1700 capitibus,
571 1636 612 1680 ex
644 1615 817 1684 sententia
845 1615 1132 1684 Nestorianornm
1164 1617 1242 1684 fuse
1271 1639 1374 1706 expo-

259 1741 404 1788 smnus.

324 1825 357 1892 2.
383 1826 522 1908 Interea
544 1835 599 1896 eet
622 1829 704 1900 bene
728 1829 1083 1898 animadvertendum:
1107 1829 1209 1900 hocce
1224 1831 1373 1922 Apoetc

256 1932 348 2000 lioae
369 1934 584 2003 Traditionis
608 1941 714 2025 caput
736 1959 804 2004 non
820 1937 930 2005 fuisse
945 1937 1054 2022 illico,
1074 1943 1110 2006 et
1125 1937 1247 2026 primis
1261 1959 1373 2028 usque

256 2039 434 2110 Ecclesiae
455 2042 615 2127 saeculis,
633 2043 825 2126 evolutum,
845 2049 949 2134 atque
971 2045 1007 2112 in
1030 2043 1108 2113 luce
1124 2067 1189 2113 sua
1203 2045 1369 2134 positum.

323 2146 356 2213 3.
382 2147 537 2237 Idipsum
560 2148 721 2237 pluribus
751 2149 833 2218 aliie
863 2151 963 2219 Fidei
990 2150 1181 2220 catholicae
1207 2150 1373 2220 articulis

256 2253 424 2322 accidisse
450 2263 660 2344 compertum
678 2263 745 2324 est.

321 2363 355 2429 4.
373 2361 496 2454 Itaque
512 2385 621 2454 usque
636 2365 680 2433 ad
697 2365 856 2456 quintum
870 2366 976 2432 ferme
987 2365 1164 2435 Ecclesiae
1180 2364 1368 2450 saeculum,

256 2492 322 2559 quo
336 2469 494 2538 Ecclesia
515 2471 586 2538 ista
598 2470 1098 2560 Syro-Chaldaeo-Orientalis
1114 2493 1135 2539 a
1151 2495 1290 2560 corpore
1314 2494 1369 2540 oa·

255 2576 468 2646 tholicitatis
491 2579 562 2647 fuit
584 2587 757 2668 separata,
779 2580 976 2670 serenaque
1000 2580 1132 2649 occasio
1159 2581 1262 2648 facile
1285 2579 1372 2648 data

254 2685 372 2754 fuerat
382 2685 480 2754 Rom.
495 2685 722 2755 Pontificibus
739 2686 978 2776 magisterium
990 2685 1179 2756 infallibile
1191 2686 1370 2756 Ecclesiae

253 2791 387 2862 Christi
417 2815 478 2884 per
509 2816 581 2862 sese
611 2795 811 2880 exercendi,
836 2818 947 2886 neque
971 2795 1231 2884 opportunitas,
1256 2815 1369 2886 neque

251 2906 337 2968 tunc
353 2904 544 2988 temporum
561 2900 739 2990 adjuncta:
759 2901 960 2987 difficultas,
979 2901 1125 2988 scilicet,
1142 2900 1368 2970 communica-

251 3007 359 3076 tionis
382 3031 459 3076 onm
482 3012 554 3076 toto
577 3007 678 3094 Orbe,
696 3009 993 3101 persequutiones,
1013 3015 1049 3078 et
1064 3008 1135 3080 alia
1151 3007 1365 3097 hujusmodi.

318 3115 351 3183 b.
378 3115 493 3197 Quum
515 3121 632 3183 autem
654 3116 805 3206 primum
827 3117 1001 3208 inceptum
1025 3116 1163 3201 fuisset,
1181 3138 1258 3184 cum
1281 3136 1367 3204 pace

251 3223 427 3316 Ecclesiae
450 3221 604 3308 reddita,
631 3228 673 3290 ut
695 3224 882 3313 praecipua
912 3231 948 3292 et
972 3221 1247 3292 fundamentalia
1270 3221 1367 3290 Reli-

251 3331 365 3420 gionis
388 3329 522 3398 Christi
537 3329 652 3420 capita
673 3329 976 3420 impugnarentur,
992 3329 1221 3420 opportunius
1237 3329 1309 3397 fuit
1324 3332 1368 3396 ut

249 3445 347 3510 tanto
370 3439 460 3507 malo
483 3460 543 3528 per
558 3437 713 3506 Concilia
736 3439 924 3527 generalia,
943 3436 1096 3505 Primum
1113 3457 1231 3526 nempe
1247 3441 1283 3503 et
1304 3435 1366 3504 Se·

249 3547 410 3632 cundum,
436 3546 511 3614 sine
534 3567 640 3630 mora,
661 3549 697 3613 et
712 3545 909 3613 solemniori
934 3567 1000 3636 quo
1017 3543 1192 3634 potuisset
1210 3541 1360 3628 ratione,

249 3654 292 3722 ad
322 3653 591 3737 haereticorum,
618 3653 678 3744 qui
708 3657 821 3720 totum
851 3651 1047 3721 aedificium
1070 3652 1190 3721 Novae
1211 3650 1318 3740 Legis
1343 3671 1365 3716 a

248 3761 486 3840 fondamentis¹
504 3760 665 3846 evellere,
693 3783 753 3849 per
777 3759 982 3848 mysterium
1007 3759 1070 3828 SS.
1089 3757 1283 3827 Trinitatis
1306 3780 1364 3825 ne-

247 3868 432 3956 gationem,
445 3869 669 3952 conabantur,
679 3867 923 3956 pervicaciam,
942 3889 1001 3958 per
1018 3867 1220 3935 universum
1238 3864 1363 3933 Orbem

247 3973 497 4060 Christianum,
523 3959 784 4057 retundendam.

316 4081 348 4148 6.
375 4082 607 4166 Postmodum,
631 4081 704 4171 jam
728 4086 887 4170 coeperat
910 4081 947 4148 in
971 4081 1004 4148 3.
1023 4085 1059 4148 et
1073 4080 1108 4147 4.
1126 4078 1292 4148 Consiliis
1308 4101 1362 4146 oe-

247 4189 433 4258 cumenicis
456 4189 646 4258 elucescere
670 4189 766 4257 Rom.
787 4189 968 4257 Pontificis
991 4185 1187 4276 magisterii
1210 4185 1362 4254 auotori-
