<?xml version="1.0" encoding="UTF-8"?>
<!DOCTYPE html PUBLIC "-//W3C//DTD XHTML 1.0 Transitional//EN"
    "http://www.w3.org/TR/xhtml1/DTD/xhtml1-transitional.dtd">
<html xmlns="http://www.w3.org/1999/xhtml" xml:lang="en" lang="en">
 <head>
  <title>
</title>
<meta http-equiv="Content-Type" content="text/html;charset=utf-8" />
  <meta name='ocr-system' content='tesseract 3.04.00' />
  <meta name='ocr-capabilities' content='ocr_page ocr_carea ocr_par ocr_line ocrx_word'/>
</head>
<body>
  <div class='ocr_page' id='page_1' title='image "./syriorientaless00khaygoog_0116.png"; bbox 0 0 3056 4756; ppageno 0'>
   <div class='ocr_carea' id='block_1_1' title="bbox 209 677 1490 766">
    <p class='ocr_par' dir='ltr' id='par_1_1' title="bbox 209 677 1490 766">
     <span class='ocr_line' id='line_1_1' title="bbox 209 677 1490 766; baseline -0.002 -21"><span class='ocrx_word' id='word_1_1' title='bbox 209 677 439 766; x_wconf 85' lang='lat' dir='ltr'><strong>Splendidum</strong></span> <span class='ocrx_word' id='word_1_2' title='bbox 470 678 652 747; x_wconf 82' lang='lat' dir='ltr'><strong>admodum</strong></span> <span class='ocrx_word' id='word_1_3' title='bbox 683 680 922 747; x_wconf 84' lang='lat' dir='ltr'><strong>testimonium</strong></span> <span class='ocrx_word' id='word_1_4' title='bbox 945 680 982 746; x_wconf 89' lang='lat' dir='ltr'><strong>in</strong></span> <span class='ocrx_word' id='word_1_5' title='bbox 1005 703 1078 748; x_wconf 88' lang='lat' dir='ltr'><strong>rem</strong></span> <span class='ocrx_word' id='word_1_6' title='bbox 1108 684 1263 747; x_wconf 88' lang='lat' dir='ltr'><strong>nostram</strong></span> <span class='ocrx_word' id='word_1_7' title='bbox 1325 696 1490 745; x_wconf 76' lang='lat' dir='ltr'><strong>undecimum</strong></span> 
     </span>
    </p>
   </div>
   <div class='ocr_carea' id='block_1_2' title="bbox 138 764 1492 880">
    <p class='ocr_par' dir='ltr' id='par_1_2' title="bbox 138 764 1492 880">
     <span class='ocr_line' id='line_1_2' title="bbox 138 764 1492 880; baseline 0.001 -26"><span class='ocrx_word' id='word_1_8' title='bbox 138 788 307 854; x_wconf 88' lang='lat' dir='ltr'><strong>habemus</strong></span> <span class='ocrx_word' id='word_1_9' title='bbox 330 787 367 854; x_wconf 88' lang='lat' dir='ltr'><strong>in</strong></span> <span class='ocrx_word' id='word_1_10' title='bbox 386 786 547 876; x_wconf 83' lang='lat' dir='ltr'><strong>Epistola</strong></span> <span class='ocrx_word' id='word_1_11' title='bbox 561 789 850 858; x_wconf 86' lang='lat' dir='ltr'><strong>Nestorianorum</strong></span> <span class='ocrx_word' id='word_1_12' title='bbox 868 790 904 857; x_wconf 92' lang='lat' dir='ltr'><strong>in</strong></span> <span class='ocrx_word' id='word_1_13' title='bbox 922 811 1027 857; x_wconf 86' lang='lat' dir='ltr'><strong>causa</strong></span> <span class='ocrx_word' id='word_1_14' title='bbox 1042 788 1182 855; x_wconf 88' lang='lat' dir='ltr'>Domini</span> <span class='ocrx_word' id='word_1_15' title='bbox 1199 789 1261 856; x_wconf 86' lang='lat' dir='ltr'><strong>Su·</strong></span> <span class='ocrx_word' id='word_1_16' title='bbox 1277 764 1492 880; x_wconf 54' lang='lat' dir='ltr'><strong>ffiiffisstffi</strong></span> 
     </span>
    </p>
   </div>
   <div class='ocr_carea' id='block_1_3' title="bbox 137 887 1491 996">
    <p class='ocr_par' dir='ltr' id='par_1_3' title="bbox 137 887 1491 996">
     <span class='ocr_line' id='line_1_3' title="bbox 137 887 1491 996; baseline 0.007 -36"><span class='ocrx_word' id='word_1_17' title='bbox 137 893 241 962; x_wconf 84' lang='lat' dir='ltr'><strong>lakae</strong></span> <span class='ocrx_word' id='word_1_18' title='bbox 264 894 371 962; x_wconf 89' lang='lat' dir='ltr'><strong>missa</strong></span> <span class='ocrx_word' id='word_1_19' title='bbox 387 917 428 963; x_wconf 88' lang='lat' dir='ltr'><strong>ex</strong></span> <span class='ocrx_word' id='word_1_20' title='bbox 445 901 546 964; x_wconf 87' lang='lat' dir='ltr'><strong>coetu</strong></span> <span class='ocrx_word' id='word_1_21' title='bbox 561 897 768 965; x_wconf 88' lang='lat' dir='ltr'><strong>Mausulano</strong></span> <span class='ocrx_word' id='word_1_22' title='bbox 785 898 830 965; x_wconf 93' lang='lat' dir='ltr'><strong>ad</strong></span> <span class='ocrx_word' id='word_1_23' title='bbox 846 898 890 966; x_wconf 84' lang='lat' dir='ltr'><strong>R.</strong></span> <span class='ocrx_word' id='word_1_24' title='bbox 905 898 944 965; x_wconf 91' lang='lat' dir='ltr'><strong>P.</strong></span> <span class='ocrx_word' id='word_1_25' title='bbox 961 897 986 964; x_wconf 88' lang='lat' dir='ltr'><strong>J</strong></span> <span class='ocrx_word' id='word_1_26' title='bbox 987 897 1097 964; x_wconf 90' lang='lat' dir='ltr'><strong>ulium</strong></span> <span class='ocrx_word' id='word_1_27' title='bbox 1110 898 1179 965; x_wconf 92' lang='lat' dir='ltr'>III.</span> <span class='ocrx_word' id='word_1_28' title='bbox 1197 898 1260 983; x_wconf 82' lang='lat'>(1).</span> <span class='ocrx_word' id='word_1_29' title='bbox 1277 887 1491 996; x_wconf 52' lang='lat' dir='ltr'><strong>ssliffissmffisssll</strong></span> 
     </span>
    </p>
   </div>
   <div class='ocr_carea' id='block_1_4' title="bbox 132 1001 1491 2380">
    <p class='ocr_par' dir='ltr' id='par_1_4' title="bbox 132 1001 1491 2380">
     <span class='ocr_line' id='line_1_4' title="bbox 136 1001 1490 1121; baseline 0.002 -53"><span class='ocrx_word' id='word_1_30' title='bbox 136 1003 182 1069; x_wconf 91' lang='lat' dir='ltr'><strong>In</strong></span> <span class='ocrx_word' id='word_1_31' title='bbox 204 1023 245 1069; x_wconf 88' lang='lat' dir='ltr'><strong>ea</strong></span> <span class='ocrx_word' id='word_1_32' title='bbox 268 1001 359 1069; x_wconf 91' lang='lat' dir='ltr'><strong>enim</strong></span> <span class='ocrx_word' id='word_1_33' title='bbox 382 1003 544 1093; x_wconf 77' lang='lat' dir='ltr'>Epistola</span> <span class='ocrx_word' id='word_1_34' title='bbox 568 1005 618 1072; x_wconf 87' lang='lat' dir='ltr'><strong>sie</strong></span> <span class='ocrx_word' id='word_1_35' title='bbox 641 1005 847 1094; x_wconf 77' lang='lat' dir='ltr'><strong>emphatice,</strong></span> <span class='ocrx_word' id='word_1_36' title='bbox 862 1010 898 1072; x_wconf 87' lang='lat' dir='ltr'><strong>et</strong></span> <span class='ocrx_word' id='word_1_37' title='bbox 913 1005 1014 1096; x_wconf 80' lang='lat' dir='ltr'>quasi</span> <span class='ocrx_word' id='word_1_38' title='bbox 1031 1010 1215 1095; x_wconf 87' lang='lat' dir='ltr'><strong>spontanee</strong></span> <span class='ocrx_word' id='word_1_39' title='bbox 1228 1011 1264 1072; x_wconf 90' lang='lat' dir='ltr'><strong>et</strong></span> <span class='ocrx_word' id='word_1_40' title='bbox 1276 1012 1342 1120; x_wconf 48' lang='lat'><strong>{312</strong></span> <span class='ocrx_word' id='word_1_41' title='bbox 1344 1011 1490 1121; x_wconf 35' lang='lat' dir='ltr'><strong>Qualem&amp;</strong></span> 
     </span>
     <span class='ocr_line' id='line_1_5' title="bbox 139 1107 1491 1204; baseline 0.003 -26"><span class='ocrx_word' id='word_1_42' title='bbox 139 1110 183 1178; x_wconf 89' lang='lat' dir='ltr'><strong>de</strong></span> <span class='ocrx_word' id='word_1_43' title='bbox 207 1133 325 1194; x_wconf 91' lang='lat' dir='ltr'><strong>more,</strong></span> <span class='ocrx_word' id='word_1_44' title='bbox 355 1111 456 1180; x_wconf 87' lang='lat' dir='ltr'><strong>Pont.</strong></span> <span class='ocrx_word' id='word_1_45' title='bbox 479 1110 670 1180; x_wconf 84' lang='lat' dir='ltr'><strong>Maximum</strong></span> <span class='ocrx_word' id='word_1_46' title='bbox 701 1113 930 1204; x_wconf 87' lang='lat' dir='ltr'><strong>alloquuntur</strong></span> <span class='ocrx_word' id='word_1_47' title='bbox 957 1112 1047 1181; x_wconf 73' lang='lat' dir='ltr'><strong>«Tu</strong></span> <span class='ocrx_word' id='word_1_48' title='bbox 1069 1135 1105 1180; x_wconf 88' lang='lat' dir='ltr'><strong>es</strong></span> <span class='ocrx_word' id='word_1_49' title='bbox 1130 1115 1168 1178; x_wconf 83' lang='lat' dir='ltr'><strong>ia</strong></span> <span class='ocrx_word' id='word_1_50' title='bbox 1192 1113 1262 1179; x_wconf 83' lang='lat' dir='ltr'><strong>loco</strong></span> <span class='ocrx_word' id='word_1_51' title='bbox 1276 1135 1340 1182; x_wconf 84' lang='lat' dir='ltr'><strong>uum</strong></span> <span class='ocrx_word' id='word_1_52' title='bbox 1349 1108 1398 1182; x_wconf 62' lang='lat'><strong>111}</strong></span> <span class='ocrx_word' id='word_1_53' title='bbox 1412 1107 1491 1183; x_wconf 71' lang='lat' dir='ltr'><strong>mssa</strong></span> 
     </span>
     <span class='ocr_line' id='line_1_6' title="bbox 138 1200 1488 1311; baseline 0.002 -29"><span class='ocrx_word' id='word_1_54' title='bbox 138 1215 275 1284; x_wconf 76' lang='lat' dir='ltr'><strong>Christi</strong></span> <span class='ocrx_word' id='word_1_55' title='bbox 297 1217 438 1284; x_wconf 90' lang='lat' dir='ltr'><strong>Domini</strong></span> <span class='ocrx_word' id='word_1_56' title='bbox 460 1217 596 1286; x_wconf 81' lang='lat' dir='ltr'><strong>Nostri.</strong></span> <span class='ocrx_word' id='word_1_57' title='bbox 613 1219 668 1286; x_wconf 84' lang='lat' dir='ltr'><strong>Tu</strong></span> <span class='ocrx_word' id='word_1_58' title='bbox 691 1242 728 1287; x_wconf 88' lang='lat' dir='ltr'><strong>es</strong></span> <span class='ocrx_word' id='word_1_59' title='bbox 748 1219 848 1306; x_wconf 70' lang='lat' dir='ltr'><strong>foece,</strong></span> <span class='ocrx_word' id='word_1_60' title='bbox 867 1219 968 1308; x_wconf 88' lang='lat' dir='ltr'><strong>cujus</strong></span> <span class='ocrx_word' id='word_1_61' title='bbox 992 1241 1102 1311; x_wconf 88' lang='lat' dir='ltr'><strong>aquae</strong></span> <span class='ocrx_word' id='word_1_62' title='bbox 1118 1243 1185 1284; x_wconf 78' lang='lat' dir='ltr'><strong>non</strong></span> <span class='ocrx_word' id='word_1_63' title='bbox 1209 1219 1262 1285; x_wconf 85' lang='lat' dir='ltr'><strong>de·</strong></span> <span class='ocrx_word' id='word_1_64' title='bbox 1277 1200 1488 1247; x_wconf 67' lang='lat' dir='ltr'><strong>⁰¹²mD·S¹¹¹³k⁵&#39;</strong></span> 
     </span>
     <span class='ocr_line' id='line_1_7' title="bbox 132 1325 1264 1416; baseline 0.002 -26"><span class='ocrx_word' id='word_1_65' title='bbox 132 1325 275 1413; x_wconf 75' lang='lat' dir='ltr'><strong>ficiunt,</strong></span> <span class='ocrx_word' id='word_1_66' title='bbox 299 1331 336 1392; x_wconf 87' lang='lat' dir='ltr'><strong>et</strong></span> <span class='ocrx_word' id='word_1_67' title='bbox 359 1325 517 1416; x_wconf 88' lang='lat' dir='ltr'><strong>quisquis</strong></span> <span class='ocrx_word' id='word_1_68' title='bbox 542 1326 711 1410; x_wconf 76' lang='lat' dir='ltr'><strong>sitiverit,</strong></span> <span class='ocrx_word' id='word_1_69' title='bbox 728 1349 875 1416; x_wconf 90' lang='lat' dir='ltr'><strong>aequum</strong></span> <span class='ocrx_word' id='word_1_70' title='bbox 898 1331 963 1411; x_wconf 89' lang='lat' dir='ltr'><strong>est,</strong></span> <span class='ocrx_word' id='word_1_71' title='bbox 980 1331 1022 1394; x_wconf 90' lang='lat' dir='ltr'><strong>ut</strong></span> <span class='ocrx_word' id='word_1_72' title='bbox 1044 1349 1086 1394; x_wconf 85' lang='lat' dir='ltr'><strong>ex</strong></span> <span class='ocrx_word' id='word_1_73' title='bbox 1109 1333 1144 1394; x_wconf 90' lang='lat' dir='ltr'><strong>te</strong></span> <span class='ocrx_word' id='word_1_74' title='bbox 1167 1327 1264 1394; x_wconf 90' lang='lat' dir='ltr'><strong>bibat</strong></span> 
     </span>
     <span class='ocr_line' id='line_1_8' title="bbox 139 1433 1262 1526; baseline 0.003 -27"><span class='ocrx_word' id='word_1_75' title='bbox 139 1454 251 1523; x_wconf 87' lang='lat' dir='ltr'><strong>aquas</strong></span> <span class='ocrx_word' id='word_1_76' title='bbox 275 1433 393 1517; x_wconf 86' lang='lat' dir='ltr'><strong>vivas,</strong></span> <span class='ocrx_word' id='word_1_77' title='bbox 409 1439 445 1500; x_wconf 88' lang='lat' dir='ltr'><strong>et</strong></span> <span class='ocrx_word' id='word_1_78' title='bbox 469 1433 566 1502; x_wconf 90' lang='lat' dir='ltr'><strong>sedet</strong></span> <span class='ocrx_word' id='word_1_79' title='bbox 589 1433 686 1502; x_wconf 90' lang='lat' dir='ltr'><strong>sitim</strong></span> <span class='ocrx_word' id='word_1_80' title='bbox 710 1456 819 1502; x_wconf 90' lang='lat' dir='ltr'><strong>suam.</strong></span> <span class='ocrx_word' id='word_1_81' title='bbox 836 1434 890 1502; x_wconf 77' lang='lat' dir='ltr'><strong>Tu</strong></span> <span class='ocrx_word' id='word_1_82' title='bbox 914 1457 951 1503; x_wconf 90' lang='lat' dir='ltr'><strong>es</strong></span> <span class='ocrx_word' id='word_1_83' title='bbox 974 1436 1151 1517; x_wconf 77' lang='lat' dir='ltr'><strong>Lucerna,</strong></span> <span class='ocrx_word' id='word_1_84' title='bbox 1176 1457 1262 1526; x_wconf 90' lang='lat' dir='ltr'><strong>quae</strong></span> 
     </span>
     <span class='ocr_line' id='line_1_9' title="bbox 139 1541 1263 1630; baseline 0.006 -26"><span class='ocrx_word' id='word_1_85' title='bbox 139 1564 209 1605; x_wconf 78' lang='lat' dir='ltr'><strong>noa</strong></span> <span class='ocrx_word' id='word_1_86' title='bbox 239 1543 461 1630; x_wconf 76' lang='lat' dir='ltr'><strong>eatinpaitur</strong></span> <span class='ocrx_word' id='word_1_87' title='bbox 475 1591 484 1623; x_wconf 96' lang='lat'><strong>,</strong></span> <span class='ocrx_word' id='word_1_88' title='bbox 510 1541 569 1610; x_wconf 90' lang='lat' dir='ltr'><strong>sed</strong></span> <span class='ocrx_word' id='word_1_89' title='bbox 600 1541 762 1610; x_wconf 90' lang='lat' dir='ltr'><strong>illustrat</strong></span> <span class='ocrx_word' id='word_1_90' title='bbox 794 1565 911 1610; x_wconf 88' lang='lat' dir='ltr'><strong>omnes</strong></span> <span class='ocrx_word' id='word_1_91' title='bbox 941 1549 1144 1626; x_wconf 87' lang='lat' dir='ltr'><strong>creaturas,</strong></span> <span class='ocrx_word' id='word_1_92' title='bbox 1171 1542 1263 1610; x_wconf 92' lang='lat' dir='ltr'><strong>sicut</strong></span> 
     </span>
     <span class='ocr_line' id='line_1_10' title="bbox 139 1647 1263 1740; baseline 0.002 -26"><span class='ocrx_word' id='word_1_93' title='bbox 139 1647 294 1715; x_wconf 85' lang='lat' dir='ltr'><strong>Candela</strong></span> <span class='ocrx_word' id='word_1_94' title='bbox 325 1648 362 1715; x_wconf 89' lang='lat' dir='ltr'><strong>in</strong></span> <span class='ocrx_word' id='word_1_95' title='bbox 393 1648 607 1718; x_wconf 83' lang='lat' dir='ltr'><strong>Candelabro</strong></span> <span class='ocrx_word' id='word_1_96' title='bbox 638 1651 764 1740; x_wconf 88' lang='lat' dir='ltr'><strong>posita.</strong></span> <span class='ocrx_word' id='word_1_97' title='bbox 792 1651 835 1718; x_wconf 88' lang='lat' dir='ltr'><strong>In</strong></span> <span class='ocrx_word' id='word_1_98' title='bbox 865 1658 900 1719; x_wconf 86' lang='lat' dir='ltr'><strong>te</strong></span> <span class='ocrx_word' id='word_1_99' title='bbox 931 1651 1031 1718; x_wconf 91' lang='lat' dir='ltr'><strong>videt</strong></span> <span class='ocrx_word' id='word_1_100' title='bbox 1055 1651 1165 1716; x_wconf 84' lang='lat' dir='ltr'><strong>lumea</strong></span> <span class='ocrx_word' id='word_1_101' title='bbox 1191 1665 1263 1716; x_wconf 81' lang='lat' dir='ltr'><strong>tota</strong></span> 
     </span>
     <span class='ocr_line' id='line_1_11' title="bbox 141 1755 1259 1848; baseline -0.004 -24"><span class='ocrx_word' id='word_1_102' title='bbox 141 1755 348 1824; x_wconf 73' lang='lat' dir='ltr'><strong>Christiana</strong></span> <span class='ocrx_word' id='word_1_103' title='bbox 370 1757 589 1848; x_wconf 71' lang='lat' dir='ltr'><strong>Respublica,</strong></span> <span class='ocrx_word' id='word_1_104' title='bbox 615 1759 707 1827; x_wconf 87' lang='lat' dir='ltr'><strong>idest</strong></span> <span class='ocrx_word' id='word_1_105' title='bbox 730 1758 797 1826; x_wconf 90' lang='lat' dir='ltr'><strong>filii</strong></span> <span class='ocrx_word' id='word_1_106' title='bbox 819 1758 995 1848; x_wconf 85' lang='lat' dir='ltr'><strong>Ecclesiae</strong></span> <span class='ocrx_word' id='word_1_107' title='bbox 1018 1757 1259 1826; x_wconf 71' lang='lat' dir='ltr'><strong>Catholicae.»</strong></span> 
     </span>
     <span class='ocr_line' id='line_1_12' title="bbox 140 1863 1260 1956; baseline 0.002 -26"><span class='ocrx_word' id='word_1_108' title='bbox 140 1863 248 1948; x_wconf 74' lang='lat' dir='ltr'><strong>Quid,</strong></span> <span class='ocrx_word' id='word_1_109' title='bbox 264 1886 401 1954; x_wconf 82' lang='lat' dir='ltr'><strong>quaeso,</strong></span> <span class='ocrx_word' id='word_1_110' title='bbox 416 1865 615 1954; x_wconf 84' lang='lat' dir='ltr'><strong>expressius</strong></span> <span class='ocrx_word' id='word_1_111' title='bbox 632 1865 716 1956; x_wconf 91' lang='lat' dir='ltr'><strong>quid</strong></span> <span class='ocrx_word' id='word_1_112' title='bbox 732 1864 1014 1954; x_wconf 84' lang='lat' dir='ltr'><strong>magnificentius</strong></span> <span class='ocrx_word' id='word_1_113' title='bbox 1029 1863 1099 1932; x_wconf 90' lang='lat' dir='ltr'><strong>dici</strong></span> <span class='ocrx_word' id='word_1_114' title='bbox 1111 1869 1260 1954; x_wconf 85' lang='lat' dir='ltr'><strong>poterat,</strong></span> 
     </span>
     <span class='ocr_line' id='line_1_13' title="bbox 139 1971 1263 2064; baseline 0 -25"><span class='ocrx_word' id='word_1_115' title='bbox 139 1977 176 2039; x_wconf 91' lang='lat' dir='ltr'><strong>et</strong></span> <span class='ocrx_word' id='word_1_116' title='bbox 199 1971 337 2062; x_wconf 91' lang='lat' dir='ltr'><strong>quidem</strong></span> <span class='ocrx_word' id='word_1_117' title='bbox 353 1995 374 2037; x_wconf 96' lang='lat' dir='ltr'><strong>a</strong></span> <span class='ocrx_word' id='word_1_118' title='bbox 389 1972 609 2040; x_wconf 85' lang='lat' dir='ltr'><strong>Nestorianis</strong></span> <span class='ocrx_word' id='word_1_119' title='bbox 632 1972 733 2057; x_wconf 89' lang='lat' dir='ltr'><strong>viris,</strong></span> <span class='ocrx_word' id='word_1_120' title='bbox 758 1971 892 2064; x_wconf 88' lang='lat' dir='ltr'><strong>talique</strong></span> <span class='ocrx_word' id='word_1_121' title='bbox 908 1997 984 2040; x_wconf 90' lang='lat' dir='ltr'><strong>cum</strong></span> <span class='ocrx_word' id='word_1_122' title='bbox 1002 1971 1200 2056; x_wconf 89' lang='lat' dir='ltr'><strong>securitate,</strong></span> <span class='ocrx_word' id='word_1_123' title='bbox 1219 1972 1263 2039; x_wconf 91' lang='lat' dir='ltr'><strong>ad</strong></span> 
     </span>
     <span class='ocr_line' id='line_1_14' title="bbox 139 2079 1263 2171; baseline 0.002 -25"><span class='ocrx_word' id='word_1_124' title='bbox 139 2079 323 2147; x_wconf 84' lang='lat' dir='ltr'><strong>Charisma</strong></span> <span class='ocrx_word' id='word_1_125' title='bbox 335 2079 538 2147; x_wconf 84' lang='lat' dir='ltr'><strong>infallibilis</strong></span> <span class='ocrx_word' id='word_1_126' title='bbox 551 2079 764 2168; x_wconf 87' lang='lat' dir='ltr'><strong>Magisterii,</strong></span> <span class='ocrx_word' id='word_1_127' title='bbox 784 2103 862 2171; x_wconf 92' lang='lat' dir='ltr'><strong>quo,</strong></span> <span class='ocrx_word' id='word_1_128' title='bbox 881 2080 924 2148; x_wconf 90' lang='lat' dir='ltr'><strong>ad</strong></span> <span class='ocrx_word' id='word_1_129' title='bbox 944 2080 1130 2148; x_wconf 85' lang='lat' dir='ltr'><strong>docendam</strong></span> <span class='ocrx_word' id='word_1_130' title='bbox 1144 2079 1263 2148; x_wconf 86' lang='lat' dir='ltr'><strong>Eccle-</strong></span> 
     </span>
     <span class='ocr_line' id='line_1_15' title="bbox 140 2185 1263 2279; baseline 0.002 -25"><span class='ocrx_word' id='word_1_131' title='bbox 140 2185 228 2254; x_wconf 86' lang='lat' dir='ltr'><strong>siam</strong></span> <span class='ocrx_word' id='word_1_132' title='bbox 252 2185 468 2255; x_wconf 83' lang='lat' dir='ltr'><strong>Catholicam</strong></span> <span class='ocrx_word' id='word_1_133' title='bbox 492 2187 607 2270; x_wconf 88' lang='lat' dir='ltr'><strong>utitur</strong></span> <span class='ocrx_word' id='word_1_134' title='bbox 625 2189 801 2256; x_wconf 85' lang='lat' dir='ltr'><strong>Romanus</strong></span> <span class='ocrx_word' id='word_1_135' title='bbox 821 2188 996 2272; x_wconf 77' lang='lat' dir='ltr'><strong>Pontifex,</strong></span> <span class='ocrx_word' id='word_1_136' title='bbox 1013 2194 1186 2279; x_wconf 86' lang='lat' dir='ltr'><strong>quatenus</strong></span> <span class='ocrx_word' id='word_1_137' title='bbox 1208 2194 1263 2256; x_wconf 88' lang='lat' dir='ltr'><strong>est</strong></span> 
     </span>
     <span class='ocr_line' id='line_1_16' title="bbox 140 2293 1263 2380; baseline 0.004 -21"><span class='ocrx_word' id='word_1_138' title='bbox 140 2293 294 2361; x_wconf 89' lang='lat' dir='ltr'><strong>omnium</strong></span> <span class='ocrx_word' id='word_1_139' title='bbox 316 2293 444 2380; x_wconf 91' lang='lat' dir='ltr'><strong>Pater,</strong></span> <span class='ocrx_word' id='word_1_140' title='bbox 470 2295 595 2364; x_wconf 85' lang='lat' dir='ltr'><strong>Pastor</strong></span> <span class='ocrx_word' id='word_1_141' title='bbox 617 2302 654 2364; x_wconf 90' lang='lat' dir='ltr'><strong>et</strong></span> <span class='ocrx_word' id='word_1_142' title='bbox 676 2297 805 2365; x_wconf 89' lang='lat' dir='ltr'><strong>Doctor</strong></span> <span class='ocrx_word' id='word_1_143' title='bbox 829 2297 866 2364; x_wconf 91' lang='lat' dir='ltr'><strong>in</strong></span> <span class='ocrx_word' id='word_1_144' title='bbox 888 2297 931 2364; x_wconf 90' lang='lat' dir='ltr'><strong>B.</strong></span> <span class='ocrx_word' id='word_1_145' title='bbox 953 2296 1057 2365; x_wconf 87' lang='lat' dir='ltr'><strong>Petro</strong></span> <span class='ocrx_word' id='word_1_146' title='bbox 1080 2317 1101 2362; x_wconf 90' lang='lat' dir='ltr'><strong>a</strong></span> <span class='ocrx_word' id='word_1_147' title='bbox 1123 2295 1263 2364; x_wconf 85' lang='lat' dir='ltr'><strong>Christo</strong></span> 
     </span>
    </p>
   </div>
   <div class='ocr_carea' id='block_1_5' title="bbox 138 2402 553 2473">
    <p class='ocr_par' dir='ltr' id='par_1_5' title="bbox 138 2402 553 2473">
     <span class='ocr_line' id='line_1_17' title="bbox 138 2402 553 2473; baseline 0.007 -5"><span class='ocrx_word' id='word_1_148' title='bbox 138 2402 287 2470; x_wconf 91' lang='lat' dir='ltr'><strong>Domino</strong></span> <span class='ocrx_word' id='word_1_149' title='bbox 311 2403 553 2473; x_wconf 79' lang='lat' dir='ltr'><strong>constitutus?</strong></span> 
     </span>
    </p>
   </div>
   <div class='ocr_carea' id='block_1_6' title="bbox 644 2602 758 2683">
    <p class='ocr_par' dir='ltr' id='par_1_6' title="bbox 644 2602 758 2683">
     <span class='ocr_line' id='line_1_18' title="bbox 644 2602 758 2683; baseline -0.009 -13"><span class='ocrx_word' id='word_1_150' title='bbox 644 2609 675 2683; x_wconf 71' lang='lat' dir='ltr'><strong>S.</strong></span> <span class='ocrx_word' id='word_1_151' title='bbox 693 2602 758 2670; x_wconf 86' lang='lat' dir='ltr'><strong>XI.</strong></span> 
     </span>
    </p>
   </div>
   <div class='ocr_carea' id='block_1_7' title="bbox 205 2799 1488 2891">
    <p class='ocr_par' dir='ltr' id='par_1_7' title="bbox 205 2799 1488 2891">
     <span class='ocr_line' id='line_1_19' title="bbox 205 2799 1488 2891; baseline 0.003 -23"><span class='ocrx_word' id='word_1_152' title='bbox 205 2800 239 2868; x_wconf 93' lang='lat' dir='ltr'>N</span> <span class='ocrx_word' id='word_1_153' title='bbox 241 2823 285 2867; x_wconf 92' lang='lat' dir='ltr'><strong>on</strong></span> <span class='ocrx_word' id='word_1_154' title='bbox 308 2799 422 2867; x_wconf 91' lang='lat' dir='ltr'><strong>minus</strong></span> <span class='ocrx_word' id='word_1_155' title='bbox 439 2801 658 2889; x_wconf 90' lang='lat' dir='ltr'><strong>splendidum</strong></span> <span class='ocrx_word' id='word_1_156' title='bbox 675 2808 773 2870; x_wconf 82' lang='lat' dir='ltr'><strong>extat</strong></span> <span class='ocrx_word' id='word_1_157' title='bbox 785 2825 846 2891; x_wconf 91' lang='lat' dir='ltr'><strong>pro</strong></span> <span class='ocrx_word' id='word_1_158' title='bbox 858 2803 958 2870; x_wconf 85' lang='lat' dir='ltr'><strong>Rom.</strong></span> <span class='ocrx_word' id='word_1_159' title='bbox 973 2802 1154 2871; x_wconf 88' lang='lat' dir='ltr'><strong>Pontificis</strong></span> <span class='ocrx_word' id='word_1_160' title='bbox 1171 2803 1258 2872; x_wconf 88' lang='lat' dir='ltr'><strong>iner-</strong></span> <span class='ocrx_word' id='word_1_161' title='bbox 1306 2817 1488 2866; x_wconf 75' lang='lat' dir='ltr'><strong>Duodecimum</strong></span> 
     </span>
    </p>
   </div>
   <div class='ocr_carea' id='block_1_8' title="bbox 135 2883 1489 2999">
    <p class='ocr_par' dir='ltr' id='par_1_8' title="bbox 135 2883 1489 2999">
     <span class='ocr_line' id='line_1_20' title="bbox 135 2883 1489 2999; baseline 0.002 -25"><span class='ocrx_word' id='word_1_162' title='bbox 135 2907 277 2974; x_wconf 90' lang='lat' dir='ltr'><strong>rantiae</strong></span> <span class='ocrx_word' id='word_1_163' title='bbox 299 2907 489 2996; x_wconf 82' lang='lat' dir='ltr'><strong>privilegio</strong></span> <span class='ocrx_word' id='word_1_164' title='bbox 512 2905 750 2976; x_wconf 87' lang='lat' dir='ltr'><strong>testimonium</strong></span> <span class='ocrx_word' id='word_1_165' title='bbox 772 2909 810 2975; x_wconf 90' lang='lat' dir='ltr'><strong>in</strong></span> <span class='ocrx_word' id='word_1_166' title='bbox 833 2909 924 2977; x_wconf 90' lang='lat' dir='ltr'><strong>actis</strong></span> <span class='ocrx_word' id='word_1_167' title='bbox 949 2915 985 2977; x_wconf 88' lang='lat' dir='ltr'><strong>et</strong></span> <span class='ocrx_word' id='word_1_168' title='bbox 1001 2910 1144 2999; x_wconf 89' lang='lat' dir='ltr'><strong>scriptis</strong></span> <span class='ocrx_word' id='word_1_169' title='bbox 1159 2909 1260 2976; x_wconf 86' lang='lat' dir='ltr'><strong>Eliae</strong></span> <span class='ocrx_word' id='word_1_170' title='bbox 1274 2883 1489 2991; x_wconf 50' lang='grc' dir='ltr'><strong>ζζξζωὲζῖζωρῗ</strong></span> 
     </span>
    </p>
   </div>
   <div class='ocr_carea' id='block_1_9' title="bbox 135 3008 1489 3117">
    <p class='ocr_par' dir='ltr' id='par_1_9' title="bbox 135 3008 1489 3117">
     <span class='ocr_line' id='line_1_21' title="bbox 135 3008 1489 3117; baseline -0.003 -35"><span class='ocrx_word' id='word_1_171' title='bbox 135 3015 388 3102; x_wconf 87' lang='lat' dir='ltr'><strong>Patriarchae,</strong></span> <span class='ocrx_word' id='word_1_172' title='bbox 413 3040 545 3086; x_wconf 87' lang='lat' dir='ltr'><strong>necnon</strong></span> <span class='ocrx_word' id='word_1_173' title='bbox 576 3016 703 3084; x_wconf 87' lang='lat' dir='ltr'><strong>Adami</strong></span> <span class='ocrx_word' id='word_1_174' title='bbox 730 3017 1038 3085; x_wconf 86' lang='lat' dir='ltr'><strong>Archimandritae</strong></span> <span class='ocrx_word' id='word_1_175' title='bbox 1069 3023 1104 3084; x_wconf 85' lang='lat' dir='ltr'><strong>et</strong></span> <span class='ocrx_word' id='word_1_176' title='bbox 1133 3017 1259 3085; x_wconf 89' lang='lat' dir='ltr'><strong>Archi·</strong></span> <span class='ocrx_word' id='word_1_177' title='bbox 1273 3008 1489 3117; x_wconf 50' lang='lat' dir='ltr'><strong>{ffissssumlgg</strong></span> 
     </span>
    </p>
   </div>
   <div class='ocr_carea' id='block_1_10' title="bbox 134 3265 1298 4327">
    <p class='ocr_par' dir='ltr' id='par_1_10' title="bbox 134 3265 1298 4327">
     <span class='ocr_line' id='line_1_22' title="bbox 208 3265 1260 3345; baseline -0.003 -23"><span class='ocrx_word' id='word_1_178' title='bbox 208 3265 255 3342; x_wconf 91' lang='lat'><strong>(1)</strong></span> <span class='ocrx_word' id='word_1_179' title='bbox 272 3269 368 3322; x_wconf 80' lang='lat' dir='ltr'><strong>Oitata</strong></span> <span class='ocrx_word' id='word_1_180' title='bbox 386 3271 499 3345; x_wconf 79' lang='lat' dir='ltr'><strong>estjam</strong></span> <span class='ocrx_word' id='word_1_181' title='bbox 512 3286 599 3338; x_wconf 85' lang='lat' dir='ltr'><strong>supra</strong></span> <span class='ocrx_word' id='word_1_182' title='bbox 617 3287 641 3322; x_wconf 89' lang='lat' dir='ltr'><strong>o.</strong></span> <span class='ocrx_word' id='word_1_183' title='bbox 656 3272 682 3322; x_wconf 83' lang='lat'><strong>2.</strong></span> <span class='ocrx_word' id='word_1_184' title='bbox 697 3271 721 3334; x_wconf 84' lang='lat'><strong>§.</strong></span> <span class='ocrx_word' id='word_1_185' title='bbox 736 3271 787 3322; x_wconf 88' lang='lat' dir='ltr'><strong>XI.</strong></span> <span class='ocrx_word' id='word_1_186' title='bbox 807 3272 894 3324; x_wconf 81' lang='lat' dir='ltr'><strong>Porro</strong></span> <span class='ocrx_word' id='word_1_187' title='bbox 909 3287 940 3324; x_wconf 91' lang='lat' dir='ltr'><strong>eo</strong></span> <span class='ocrx_word' id='word_1_188' title='bbox 953 3270 1094 3323; x_wconf 87' lang='lat' dir='ltr'><strong>libentius</strong></span> <span class='ocrx_word' id='word_1_189' title='bbox 1108 3269 1260 3322; x_wconf 88' lang='lat' dir='ltr'><strong>monimen-</strong></span> 
     </span>
     <span class='ocr_line' id='line_1_23' title="bbox 136 3356 1259 3427; baseline -0.003 -14"><span class='ocrx_word' id='word_1_190' title='bbox 136 3364 197 3413; x_wconf 86' lang='lat' dir='ltr'><strong>tum</strong></span> <span class='ocrx_word' id='word_1_191' title='bbox 216 3359 306 3426; x_wconf 88' lang='lat' dir='ltr'><strong>istud,</strong></span> <span class='ocrx_word' id='word_1_192' title='bbox 327 3359 359 3410; x_wconf 90' lang='lat' dir='ltr'><strong>in</strong></span> <span class='ocrx_word' id='word_1_193' title='bbox 377 3356 508 3412; x_wconf 82' lang='lat' dir='ltr'><strong>Historia</strong></span> <span class='ocrx_word' id='word_1_194' title='bbox 525 3361 625 3412; x_wconf 85' lang='lat' dir='ltr'><strong>nostra</strong></span> <span class='ocrx_word' id='word_1_195' title='bbox 638 3360 862 3427; x_wconf 88' lang='lat' dir='ltr'><strong>celeberrimum,</strong></span> <span class='ocrx_word' id='word_1_196' title='bbox 878 3361 941 3413; x_wconf 89' lang='lat' dir='ltr'><strong>heic</strong></span> <span class='ocrx_word' id='word_1_197' title='bbox 954 3361 988 3413; x_wconf 90' lang='lat' dir='ltr'><strong>in</strong></span> <span class='ocrx_word' id='word_1_198' title='bbox 1002 3375 1069 3424; x_wconf 89' lang='lat' dir='ltr'><strong>rem,</strong></span> <span class='ocrx_word' id='word_1_199' title='bbox 1083 3359 1116 3411; x_wconf 91' lang='lat' dir='ltr'><strong>de</strong></span> <span class='ocrx_word' id='word_1_200' title='bbox 1131 3373 1187 3424; x_wconf 87' lang='lat' dir='ltr'><strong>qua</strong></span> <span class='ocrx_word' id='word_1_201' title='bbox 1200 3357 1259 3424; x_wconf 80' lang='lat' dir='ltr'><strong>agi-</strong></span> 
     </span>
     <span class='ocr_line' id='line_1_24' title="bbox 135 3447 1261 3516; baseline -0.002 -14"><span class='ocrx_word' id='word_1_202' title='bbox 135 3465 210 3516; x_wconf 87' lang='lat' dir='ltr'><strong>mus,</strong></span> <span class='ocrx_word' id='word_1_203' title='bbox 231 3451 338 3515; x_wconf 87' lang='lat' dir='ltr'><strong>repeto,</strong></span> <span class='ocrx_word' id='word_1_204' title='bbox 360 3447 434 3514; x_wconf 89' lang='lat' dir='ltr'><strong>quod</strong></span> <span class='ocrx_word' id='word_1_205' title='bbox 457 3449 483 3498; x_wconf 82' lang='lat'><strong>1⁰</strong></span> <span class='ocrx_word' id='word_1_206' title='bbox 501 3448 533 3498; x_wconf 92' lang='lat' dir='ltr'><strong>in</strong></span> <span class='ocrx_word' id='word_1_207' title='bbox 553 3449 715 3500; x_wconf 84' lang='lat' dir='ltr'><strong>memoriam</strong></span> <span class='ocrx_word' id='word_1_208' title='bbox 735 3453 852 3502; x_wconf 87' lang='lat' dir='ltr'><strong>revocat</strong></span> <span class='ocrx_word' id='word_1_209' title='bbox 869 3450 1080 3502; x_wconf 88' lang='lat' dir='ltr'><strong>nobilissimum</strong></span> <span class='ocrx_word' id='word_1_210' title='bbox 1100 3450 1184 3501; x_wconf 88' lang='lat' dir='ltr'><strong>illum</strong></span> <span class='ocrx_word' id='word_1_211' title='bbox 1203 3449 1261 3515; x_wconf 89' lang='lat' dir='ltr'><strong>pri-</strong></span> 
     </span>
     <span class='ocr_line' id='line_1_25' title="bbox 135 3537 1259 3605; baseline -0.004 -12"><span class='ocrx_word' id='word_1_212' title='bbox 135 3556 210 3593; x_wconf 90' lang='lat' dir='ltr'><strong>mum</strong></span> <span class='ocrx_word' id='word_1_213' title='bbox 228 3555 300 3605; x_wconf 87' lang='lat' dir='ltr'><strong>pene</strong></span> <span class='ocrx_word' id='word_1_214' title='bbox 313 3553 436 3604; x_wconf 88' lang='lat' dir='ltr'><strong>passum,</strong></span> <span class='ocrx_word' id='word_1_215' title='bbox 449 3553 503 3604; x_wconf 89' lang='lat' dir='ltr'><strong>quo</strong></span> <span class='ocrx_word' id='word_1_216' title='bbox 517 3537 552 3590; x_wconf 92' lang='lat' dir='ltr'><strong>ad</strong></span> <span class='ocrx_word' id='word_1_217' title='bbox 566 3539 698 3591; x_wconf 89' lang='lat' dir='ltr'><strong>unionem</strong></span> <span class='ocrx_word' id='word_1_218' title='bbox 711 3555 772 3592; x_wconf 89' lang='lat' dir='ltr'><strong>oum</strong></span> <span class='ocrx_word' id='word_1_219' title='bbox 787 3540 914 3592; x_wconf 82' lang='lat' dir='ltr'><strong>Ecclesia</strong></span> <span class='ocrx_word' id='word_1_220' title='bbox 927 3539 1075 3592; x_wconf 72' lang='lat' dir='ltr'><strong>catholica</strong></span> <span class='ocrx_word' id='word_1_221' title='bbox 1090 3540 1150 3590; x_wconf 87' lang='lat' dir='ltr'><strong>tum</strong></span> <span class='ocrx_word' id='word_1_222' title='bbox 1163 3538 1259 3605; x_wconf 88' lang='lat' dir='ltr'><strong>primi,</strong></span> 
     </span>
     <span class='ocr_line' id='line_1_26' title="bbox 135 3628 1260 3696; baseline -0.006 -11"><span class='ocrx_word' id='word_1_223' title='bbox 135 3632 206 3686; x_wconf 86' lang='lat' dir='ltr'><strong>adeo</strong></span> <span class='ocrx_word' id='word_1_224' title='bbox 226 3630 346 3684; x_wconf 88' lang='lat' dir='ltr'><strong>solemni</strong></span> <span class='ocrx_word' id='word_1_225' title='bbox 364 3628 454 3696; x_wconf 90' lang='lat' dir='ltr'><strong>modo,</strong></span> <span class='ocrx_word' id='word_1_226' title='bbox 470 3631 572 3681; x_wconf 89' lang='lat' dir='ltr'><strong>etcum</strong></span> <span class='ocrx_word' id='word_1_227' title='bbox 592 3629 764 3682; x_wconf 83' lang='lat' dir='ltr'><strong>adhaesione</strong></span> <span class='ocrx_word' id='word_1_228' title='bbox 783 3631 873 3682; x_wconf 88' lang='lat' dir='ltr'><strong>totius</strong></span> <span class='ocrx_word' id='word_1_229' title='bbox 887 3629 947 3682; x_wconf 84' lang='lat' dir='ltr'><strong>iere</strong></span> <span class='ocrx_word' id='word_1_230' title='bbox 960 3629 1104 3695; x_wconf 85' lang='lat' dir='ltr'><strong>Nationis,</strong></span> <span class='ocrx_word' id='word_1_231' title='bbox 1120 3642 1260 3680; x_wconf 85' lang='lat' dir='ltr'><strong>accessere</strong></span> 
     </span>
     <span class='ocr_line' id='line_1_27' title="bbox 134 3718 1263 3787; baseline -0.004 -14"><span class='ocrx_word' id='word_1_232' title='bbox 134 3721 262 3787; x_wconf 82' lang='lat' dir='ltr'><strong>gentiles</strong></span> <span class='ocrx_word' id='word_1_233' title='bbox 281 3719 336 3770; x_wconf 91' lang='lat' dir='ltr'><strong>mei</strong></span> <span class='ocrx_word' id='word_1_234' title='bbox 354 3718 386 3770; x_wconf 91' lang='lat' dir='ltr'><strong>in</strong></span> <span class='ocrx_word' id='word_1_235' title='bbox 404 3719 467 3784; x_wconf 91' lang='lat' dir='ltr'><strong>ipso</strong></span> <span class='ocrx_word' id='word_1_236' title='bbox 487 3719 603 3772; x_wconf 86' lang='lat' dir='ltr'><strong>Patriae</strong></span> <span class='ocrx_word' id='word_1_237' title='bbox 622 3735 698 3771; x_wconf 89' lang='lat' dir='ltr'><strong>meae</strong></span> <span class='ocrx_word' id='word_1_238' title='bbox 718 3720 788 3786; x_wconf 88' lang='lat' dir='ltr'><strong>solo,</strong></span> <span class='ocrx_word' id='word_1_239' title='bbox 802 3722 860 3771; x_wconf 85' lang='lat' dir='ltr'><strong>tam</strong></span> <span class='ocrx_word' id='word_1_240' title='bbox 879 3719 1009 3772; x_wconf 78' lang='lat' dir='ltr'><strong>viriliter</strong></span> <span class='ocrx_word' id='word_1_241' title='bbox 1022 3718 1204 3772; x_wconf 88' lang='lat' dir='ltr'><strong>difficultates</strong></span> <span class='ocrx_word' id='word_1_242' title='bbox 1218 3720 1263 3770; x_wconf 88' lang='lat' dir='ltr'><strong>tot</strong></span> 
     </span>
     <span class='ocr_line' id='line_1_28' title="bbox 136 3807 1298 3877; baseline -0.008 -11"><span class='ocrx_word' id='word_1_243' title='bbox 136 3811 312 3866; x_wconf 83' lang='lat' dir='ltr'><strong>saeculorum</strong></span> <span class='ocrx_word' id='word_1_244' title='bbox 332 3808 534 3876; x_wconf 78' lang='lat' dir='ltr'><strong>separationis,</strong></span> <span class='ocrx_word' id='word_1_245' title='bbox 550 3813 729 3875; x_wconf 81' lang='lat' dir='ltr'><strong>superantes,</strong></span> <span class='ocrx_word' id='word_1_246' title='bbox 747 3813 776 3877; x_wconf 82' lang='lat' dir='ltr'><strong>et</strong></span> <span class='ocrx_word' id='word_1_247' title='bbox 797 3808 906 3862; x_wconf 85' lang='lat' dir='ltr'><strong>aditum</strong></span> <span class='ocrx_word' id='word_1_248' title='bbox 926 3809 1088 3874; x_wconf 87' lang='lat' dir='ltr'><strong>aperientes</strong></span> <span class='ocrx_word' id='word_1_249' title='bbox 1101 3807 1258 3872; x_wconf 88' lang='lat' dir='ltr'><strong>ulterioris,</strong></span> <span class='ocrx_word' id='word_1_250' title='bbox 1296 3815 1298 3829; x_wconf 82' lang='lat'>¹</span> 
     </span>
     <span class='ocr_line' id='line_1_29' title="bbox 137 3897 1262 3964; baseline -0.004 -10"><span class='ocrx_word' id='word_1_251' title='bbox 137 3917 197 3954; x_wconf 87' lang='lat' dir='ltr'><strong>oum</strong></span> <span class='ocrx_word' id='word_1_252' title='bbox 208 3898 325 3963; x_wconf 86' lang='lat' dir='ltr'><strong>ibidem,</strong></span> <span class='ocrx_word' id='word_1_253' title='bbox 341 3902 400 3949; x_wconf 90' lang='lat' dir='ltr'><strong>tum</strong></span> <span class='ocrx_word' id='word_1_254' title='bbox 419 3898 501 3964; x_wconf 86' lang='lat' dir='ltr'><strong>alibi,</strong></span> <span class='ocrx_word' id='word_1_255' title='bbox 515 3899 545 3949; x_wconf 91' lang='lat' dir='ltr'><strong>in</strong></span> <span class='ocrx_word' id='word_1_256' title='bbox 566 3897 662 3950; x_wconf 89' lang='lat' dir='ltr'><strong>eadem</strong></span> <span class='ocrx_word' id='word_1_257' title='bbox 681 3899 863 3951; x_wconf 81' lang='lat' dir='ltr'><strong>faustissime</strong></span> <span class='ocrx_word' id='word_1_258' title='bbox 874 3898 1120 3951; x_wconf 85' lang='lat' dir='ltr'><strong>Reconciliatione</strong></span> <span class='ocrx_word' id='word_1_259' title='bbox 1132 3913 1262 3964; x_wconf 80' lang='lat' dir='ltr'><strong>progres-</strong></span> 
     </span>
     <span class='ocr_line' id='line_1_30' title="bbox 137 3987 1263 4056; baseline -0.003 -11"><span class='ocrx_word' id='word_1_260' title='bbox 137 4007 204 4045; x_wconf 86' lang='lat' dir='ltr'><strong>sus:</strong></span> <span class='ocrx_word' id='word_1_261' title='bbox 226 3992 256 4042; x_wconf 90' lang='lat' dir='ltr'><strong>et</strong></span> <span class='ocrx_word' id='word_1_262' title='bbox 275 3987 349 4056; x_wconf 87' lang='lat' dir='ltr'><strong>quod</strong></span> <span class='ocrx_word' id='word_1_263' title='bbox 368 3989 394 4039; x_wconf 84' lang='lat'><strong>2·</strong></span> <span class='ocrx_word' id='word_1_264' title='bbox 414 3989 466 4042; x_wconf 88' lang='lat' dir='ltr'><strong>hoo</strong></span> <span class='ocrx_word' id='word_1_265' title='bbox 485 3989 547 4056; x_wconf 91' lang='lat' dir='ltr'><strong>ipsc</strong></span> <span class='ocrx_word' id='word_1_266' title='bbox 570 3989 617 4040; x_wconf 83' lang='lat' dir='ltr'><strong>vel</strong></span> <span class='ocrx_word' id='word_1_267' title='bbox 649 3990 709 4042; x_wconf 87' lang='lat' dir='ltr'><strong>solo</strong></span> <span class='ocrx_word' id='word_1_268' title='bbox 739 3988 904 4042; x_wconf 88' lang='lat' dir='ltr'><strong>documento</strong></span> <span class='ocrx_word' id='word_1_269' title='bbox 923 3988 1089 4042; x_wconf 83' lang='lat' dir='ltr'><strong>confusione</strong></span> <span class='ocrx_word' id='word_1_270' title='bbox 1109 3990 1263 4043; x_wconf 85' lang='lat' dir='ltr'><strong>obruantur</strong></span> 
     </span>
     <span class='ocr_line' id='line_1_31' title="bbox 140 4078 1258 4148; baseline -0.001 -15"><span class='ocrx_word' id='word_1_271' title='bbox 140 4082 189 4148; x_wconf 88' lang='lat' dir='ltr'><strong>qui</strong></span> <span class='ocrx_word' id='word_1_272' title='bbox 207 4081 362 4133; x_wconf 84' lang='lat' dir='ltr'><strong>Nostrates</strong></span> <span class='ocrx_word' id='word_1_273' title='bbox 390 4081 437 4132; x_wconf 85' lang='lat' dir='ltr'><strong>vel</strong></span> <span class='ocrx_word' id='word_1_274' title='bbox 458 4081 536 4146; x_wconf 84' lang='lat' dir='ltr'><strong>ipsos</strong></span> <span class='ocrx_word' id='word_1_275' title='bbox 555 4078 727 4146; x_wconf 80' lang='lat' dir='ltr'><strong>catholicos,</strong></span> <span class='ocrx_word' id='word_1_276' title='bbox 750 4082 779 4132; x_wconf 85' lang='lat' dir='ltr'><strong>et</strong></span> <span class='ocrx_word' id='word_1_277' title='bbox 797 4081 966 4132; x_wconf 87' lang='lat' dir='ltr'><strong>nominatim</strong></span> <span class='ocrx_word' id='word_1_278' title='bbox 985 4079 1062 4133; x_wconf 85' lang='lat' dir='ltr'><strong>cives</strong></span> <span class='ocrx_word' id='word_1_279' title='bbox 1076 4079 1158 4132; x_wconf 85' lang='lat' dir='ltr'><strong>hosce</strong></span> <span class='ocrx_word' id='word_1_280' title='bbox 1174 4096 1258 4147; x_wconf 89' lang='lat' dir='ltr'><strong>meos,</strong></span> 
     </span>
     <span class='ocr_line' id='line_1_32' title="bbox 138 4168 1260 4237; baseline -0.001 -14"><span class='ocrx_word' id='word_1_281' title='bbox 138 4169 345 4237; x_wconf 81' lang='lat' dir='ltr'><strong>calumniando,</strong></span> <span class='ocrx_word' id='word_1_282' title='bbox 367 4168 432 4222; x_wconf 88' lang='lat' dir='ltr'><strong>dum</strong></span> <span class='ocrx_word' id='word_1_283' title='bbox 453 4170 557 4236; x_wconf 88' lang='lat' dir='ltr'><strong>scribo,</strong></span> <span class='ocrx_word' id='word_1_284' title='bbox 575 4169 710 4222; x_wconf 84' lang='lat' dir='ltr'><strong>dictitare</strong></span> <span class='ocrx_word' id='word_1_285' title='bbox 724 4168 830 4222; x_wconf 88' lang='lat' dir='ltr'><strong>audent</strong></span> <span class='ocrx_word' id='word_1_286' title='bbox 842 4168 1004 4222; x_wconf 87' lang='lat' dir='ltr'><strong>inauditum</strong></span> <span class='ocrx_word' id='word_1_287' title='bbox 1017 4168 1129 4236; x_wconf 88' lang='lat' dir='ltr'><strong>iisdem,</strong></span> <span class='ocrx_word' id='word_1_288' title='bbox 1142 4185 1173 4222; x_wconf 86' lang='lat' dir='ltr'><strong>ao</strong></span> <span class='ocrx_word' id='word_1_289' title='bbox 1185 4171 1260 4223; x_wconf 84' lang='lat' dir='ltr'><strong>invi-</strong></span> 
     </span>
     <span class='ocr_line' id='line_1_33' title="bbox 139 4259 1065 4327; baseline 0 -13"><span class='ocrx_word' id='word_1_290' title='bbox 139 4276 199 4316; x_wconf 82' lang='lat' dir='ltr'><strong>sum</strong></span> <span class='ocrx_word' id='word_1_291' title='bbox 217 4260 278 4316; x_wconf 80' lang='lat' dir='ltr'><strong>iore</strong></span> <span class='ocrx_word' id='word_1_292' title='bbox 291 4262 398 4327; x_wconf 81' lang='lat' dir='ltr'><strong>Dogma</strong></span> <span class='ocrx_word' id='word_1_293' title='bbox 411 4275 475 4314; x_wconf 86' lang='lat' dir='ltr'><strong>mox</strong></span> <span class='ocrx_word' id='word_1_294' title='bbox 490 4259 678 4316; x_wconf 83' lang='lat' dir='ltr'><strong>deliniendum</strong></span> <span class='ocrx_word' id='word_1_295' title='bbox 687 4259 854 4314; x_wconf 77' lang='lat' dir='ltr'><strong>Pontificius</strong></span> <span class='ocrx_word' id='word_1_296' title='bbox 873 4259 1065 4316; x_wconf 83' lang='lat' dir='ltr'><strong>Inerrantiae.</strong></span> 
     </span>
    </p>
   </div>
   <div class='ocr_carea' id='block_1_11' title="bbox 0 0 1539 4756">
    <p class='ocr_par' dir='ltr' id='par_1_11' title="bbox 0 0 1539 4756">
     <span class='ocr_line' id='line_1_34' title="bbox 0 0 1539 4756; baseline 0 0"><span class='ocrx_word' id='word_1_297' title='bbox 0 0 1539 4756; x_wconf 95' lang='lat' dir='ltr'><strong> </strong></span> 
     </span>
    </p>
   </div>
  </div>
 </body>
</html>
