3056 4756
739 191 916 258 -52-

268 319 375 384 tatem
399 320 553 385 vestram
576 316 789 385 immensam:
814 339 919 403 nunc,
938 317 1064 407 igitur,
1084 319 1229 390 Domine
1252 321 1311 406 mi,
1339 322 1392 391 di-

269 424 368 491 mitte
392 445 491 494 servo
516 430 634 493 vestro
658 431 798 516 peccata
822 450 896 512 sua,
924 427 1018 496 sicut
1041 429 1158 518 posita
1180 433 1234 497 est
1256 429 1294 496 in
1319 453 1391 499 ma-

269 529 373 598 nibus
396 531 525 600 vestris
549 539 702 620 potestas
725 533 863 622 ligandi
880 539 983 625 atque
999 535 1170 621 solvendi,
1190 539 1393 606 etomnium

270 638 528 726 mysteriorum.
555 641 721 730 Legimus
744 662 819 708 eam
887 647 923 710 et
945 643 1148 712 mandatum
1166 649 1322 713 vestrum
1339 651 1392 713 et-

270 745 494 816 tendimus
513 753 549 816 et
570 771 632 816 nos
652 751 949 818 contremiscimus
966 751 1209 820 excellentiam
1223 757 1390 842 vestram;

271 852 353 943 quia
376 855 544 924 Dominus
568 856 812 946 magnificavit
835 881 972 927 vos...»

768 1141 800 1216 ἓ.
818 1133 884 1202 ΧΙ.

336 1395 438 1462 Anno
454 1393 581 1462 salutis
595 1393 693 1463 1552.
714 1393 916 1464 Nestoriani
930 1394 1141 1463 unanimiter
1154 1395 1395 1464 introductam

268 1505 341 1594 jam
363 1526 385 1570 a
408 1502 483 1570 suis
506 1501 724 1571 Patriarchis
749 1503 893 1594 impiam
913 1503 1199 1572 consuetudinem
1222 1507 1392 1594 pertaesi,

275 1632 342 1704 qua
366 1611 428 1678 isti
451 1610 562 1696 nulli,
590 1611 741 1703 quinon
771 1634 813 1680 ex
845 1633 908 1680 sue
937 1613 1092 1702 ipsorum
1122 1617 1213 1680 esset
1241 1613 1391 1699 familia,

272 1719 499 1809 episcopalem
524 1721 747 1787 conferebant
769 1718 989 1808 dignitatem,
1008 1724 1175 1810 tantoque
1193 1722 1309 1788 morbo
1327 1743 1395 1789 me-

273 1827 384 1896 delam
412 1828 645 1918 exquirentes,
676 1828 795 1896 avitae
822 1827 1155 1918 antiquissimasque
1186 1829 1395 1898 traditionis

272 1957 447 2019 memores,
474 1936 518 2003 ad
541 1935 733 2003 Romanum
757 1934 978 2020 Pontificem,
1005 1957 1066 2003 ceu
1091 1936 1325 2004 universalem
1357 1944 1395 2007 et

272 2066 470 2133 supremum
493 2049 660 2112 rectorem
680 2049 715 2112 et
731 2047 870 2112 Patrem
894 2065 966 2112 sese
991 2049 1251 2114 converterunt.

338 2151 461 2241 Itaque
484 2151 604 2219 habito
627 2151 664 2218 in
680 2151 878 2220 messulana
901 2151 1049 2224 civitate
1065 2158 1175 2237 coetu,
1192 2175 1396 2244 quoconve·

271 2264 399 2328 nerunt
416 2267 554 2348 praeter
570 2264 655 2344 tres,
666 2259 726 2350 qui
739 2259 947 2349 superstites
964 2264 1076 2344 erant,
1088 2260 1276 2350 episcopos,
1289 2261 1398 2330 multi

272 2367 700 2453 sacerdotes,coenobitae,
712 2367 897 2456 optimates
909 2367 1102 2458 etpopulus
1114 2367 1398 2436 nestorianorum

273 2476 487 2566 expluribus
502 2475 601 2560 locis,
617 2474 785 2543 Salakem
797 2475 990 2564 elegerunt,
1006 2480 1042 2544 et
1053 2476 1196 2543 Romam
1208 2476 1394 2562 miserunt,

274 2582 408 2664 aviris
432 2583 698 2652 eonoomitatum
720 2582 912 2668 nonnullis,
938 2588 974 2651 et
997 2605 1075 2651 cum
1097 2583 1258 2673 Epistola
1275 2583 1339 2674 (1),
1358 2586 1398 2653 in

275 2713 344 2784 qua
357 2691 407 2758 sio
419 2689 443 2758 J
444 2690 556 2758 ulium
568 2690 637 2758 III.
657 2691 699 2759 R.
713 2693 751 2758 P.
775 2689 1015 2782 alloquuntur:
1035 2697 1071 2760 et
1088 2691 1184 2760 hisce
1197 2692 1398 2781 magnificis
1420 2735 1422 2738 -

273 2797 394 2868 titulis
421 2825 469 2861 α-
482 2798 582 2867 Patri
605 2800 751 2867 Petrum
774 2805 809 2867 et
832 2799 942 2889 primo
966 2799 1110 2889 pastori,
1130 2801 1285 2869 nectenti
1301 2823 1398 2869 coro·

272 2928 335 2974 nas
348 2913 384 2974 et
400 2905 548 2994 ungenti
565 2907 770 2991 sacerdotes,
787 2912 892 2999 atque
909 2908 1110 2998 accingenti
1124 2909 1238 2976 Zonas
1255 2914 1292 2976 et
1307 2931 1397 2977 ccm-

272 3015 503 3106 prehendenti
526 3016 726 3086 universam
746 3017 1096 3086 Christianitatem-.
1124 3018 1178 3085 Tu
1201 3040 1238 3086 es
1259 3017 1297 3086 in
1321 3018 1397 3088 loco

192 3127 194 3132 '
272 3123 407 3192 Christi
429 3124 473 3191 D.
491 3124 525 3194 N
529 3175 557 3210 .,
585 3128 626 3191 tu
650 3124 747 3193 sedes
777 3125 815 3194 in
839 3125 916 3193 sede
944 3124 1018 3193 alta
1041 3131 1077 3193 et
1100 3125 1243 3194 sublimi
1266 3126 1398 3216 capitis

272 3231 530 3322 Apostolorum,
549 3233 701 3301 tenentis
716 3233 833 3304 claves
852 3233 967 3322 Regni
991 3234 1175 3318 caelorum,
1191 3233 1249 3303 oui
1265 3257 1324 3303 ore
1341 3256 1397 3302 sa-

273 3341 385 3410 lutari
418 3341 588 3409 Dominus
622 3342 667 3411 N.
694 3341 730 3410 J.
756 3342 793 3411 0.
821 3341 930 3410 dixit:
958 3341 1129 3433 quidquid
1157 3341 1331 3431 ligaveris
1356 3344 1396 3411 in

273 3454 382 3534 terra,
409 3448 477 3517 erit
498 3447 649 3537 ligatum
662 3453 709 3518 ,et
730 3448 768 3516 in
794 3449 911 3537 caelis3
930 3457 965 3518 et
981 3472 1085 3539 super
1105 3473 1205 3542 quem
1227 3449 1397 3520 fundavit

273 3556 464 3626 Ecclesiam
481 3580 590 3642 suam,
609 3564 650 3626 ut
665 3565 786 3652 portae
801 3558 913 3628 Inferi
928 3583 996 3627 non
1011 3559 1257 3653 praevalerent
1271 3559 1396 3630 adver·

219 3717 225 3724 -
274 3690 334 3734 sus
357 3688 430 3733 eam
455 3668 492 3732 in
516 3667 774 3756 generationem
798 3672 833 3734 et
858 3664 1129 3754 generationem.
1147 3665 1303 3734 Etruno
1319 3688 1397 3734 eam

275 3773 395 3842 Sedem
419 3774 515 3844 dedit
540 3776 620 3844 Tibi
644 3775 807 3843 Christus
830 3775 998 3842 Dominus
1028 3780 1146 3843 noster
1171 3779 1207 3842 et
1231 3773 1399 3843 Salvator

346 4131 387 4207 (1)
406 4109 485 4189 vids
497 4135 528 4187 in
541 4133 704 4204 Appendice
718 4135 741 4187 Ι.
764 4132 887 4200 quaeda
907 4135 987 4186 coetu
1007 4133 1064 4185 isto
1086 4131 1205 4186 stactis
1230 4132 1292 4199 ejus
1312 4133 1402 4186 adno-

276 4228 384 4279 tantur.
